2984 4852
611 418 822 482 ,37-

158 632 188 688 in
209 629 325 703 Illyrico
356 631 429 687 bene
455 633 562 700 gestas.
610 628 654 685 Eo
679 629 803 685 tumultu
831 645 857 686 a.
885 629 902 686 6
928 634 1028 687 exorto
1055 630 1153 687 statIm
1184 635 1214 687 et
1239 629 1273 687 A.

159 728 285 786 Caecina
305 732 334 785 et
354 726 488 785 Silvanus
509 742 544 783 ex
565 725 764 783 transmarinis
785 726 940 798 provineIIs
963 757 999 768 -
1025 727 1075 784 ille
1096 741 1132 784 ex
1153 725 1273 796 Moesia,

158 824 206 882 hie
236 841 271 882 ex
291 822 421 880 Thracia
451 853 489 864 -
523 821 702 879 adduxerunt
723 822 888 895 exereitum,
922 823 972 881 sed
993 824 1092 882 eadem
1112 825 1206 882 hieme
1226 840 1274 882 re·

157 920 250 994 gressi
270 926 338 978 snut
359 920 448 995 (Vell.
469 920 507 989 II,
533 919 597 976 ll2.
620 919 676 977 Dio
697 918 762 988 LV,
785 921 844 990 30).
887 919 925 980 A.
948 921 975 991 8,
997 937 1061 978 oum
1081 922 1187 980 iterum
1207 938 1273 994 per-

158 1018 242 1075 multi
261 1017 408 1076 Panuonii
425 1017 623 1085 rebellassent,
645 1016 778 1074 Silvanus
800 1022 901 1075 eontra
922 1033 970 1076 eos
990 1016 1134 1090 profectus
1148 1018 1276 1076 Breucos

159 1115 314 1188 superavit,
336 1114 510 1186 reliquorum
531 1113 682 1171 nonnullos
702 1114 764 1172 sine
783 1115 896 1185 proelio
917 1115 947 1172 iu
969 1114 1143 1173 deditionem
1163 1115 1275 1187 recepit

159 1212 228 1286 (Dio
262 1211 330 1281 LV,
366 1211 426 1284 34).
478 1209 585 1269 Altera
616 1210 677 1268 eius
708 1210 831 1268 victoria
863 1217 1102 1270 commemoratur
1133 1229 1151 1269 α
1182 1213 1274 1271 Dione

158 1306 233 1374 LVI,
259 1307 320 1383 12),
352 1308 401 1378 qni
432 1312 535 1364 narrat
555 1305 704 1365 Silvanum
729 1308 872 1378 tripartiti
893 1310 1036 1367 exereitus
1058 1325 1092 1366 ea
1113 1315 1203 1382 parte,
1228 1311 1274 1368 eui

159 1405 342 1477 praepositus
364 1406 428 1461 erat
448 1420 466 1461 α
487 1403 613 1470 Tiberio,
642 1437 677 1445 -
705 1421 731 1460 a.
754 1405 771 1461 9
793 1410 893 1462 nostro
914 1405 1019 1463 iudicio
1053 1437 1089 1448 -
1121 1406 1275 1465 Dalmatas

157 1501 266 1559 nielsse.
310 1502 509 1574 Triumphalia
534 1501 649 1573 aceepit
674 1502 735 1559 siue
763 1501 849 1559 dubio
872 1501 998 1578 eodem¹)
1030 1519 1116 1574 anuo,
1148 1504 1178 1561 id
1200 1504 1275 1575 qnod

156 1599 254 1670 paullo
286 1598 387 1673 infra²)
419 1599 688 1657 demonstrabimus.
737 1597 811 1656 Post
842 1600 1021 1658 consulatum
1052 1617 1077 1658 a.
1106 1602 1123 1659 2
1150 1618 1175 1660 a.
1203 1600 1275 1660 Ohr.

156 1701 270 1767 gestum
292 1696 404 1768 qnando
426 1697 525 1755 Asiam
547 1712 598 1768 pro
621 1697 737 1754 consule
758 1696 928 1765 obtinuerit,
951 1714 1005 1769 pro
1026 1704 1105 1757 terto
1127 1698 1273 1757 affirmare

159 1810 214 1850 non
229 1792 355 1870 ansim⁸).
382 1794 418 1851 ln
431 1795 515 1850 tltnlo
531 1792 684 1850 Tiburtmo
699 1793 800 1851 summi
811 1791 921 1851 Plautii
935 1794 1057 1853 honores
1071 1800 1275 1854 enumerantur

157 1891 199 1947 hi:
223 1891 396 1952 consulatus,
419 1891 653 1963 septemviratus,
677 1896 845 1948 ornamenta
866 1892 1061 1963 triumphalia.

235 1987 325 2045 Pater
339 1986 403 2054 fnit,
424 1993 458 2045 nt
470 1986 526 2045 hoo
540 1987 640 2045 statim
655 1987 768 2059 addam,
789 1985 863 2045 Auli
877 1988 986 2046 Plautii
1000 1990 1124 2048 consulIe
1139 1991 1207 2048 anni
1222 1992 1269 2062 29,

158 2084 206 2154 qni
221 2102 246 2141 a.
269 2086 308 2142 47
322 2101 410 2143 ovans
432 2084 467 2142 (le
482 2085 633 2142 Britannis
652 2086 752 2142 urbem
766 2085 914 2155 ingressus
928 2090 973 2143 est
994 2086 1087 2160 (Suet.
1108 2085 1211 2146 Claud.
1227 2088 1275 2145 24.

158 2180 226 2239 Tae.
255 2198 317 2239 ann.
345 2182 434 2252 XIII,
458 2183 504 2240 32.
543 2182 578 2239 ef.
600 2181 659 2239 Dio
679 2181 746 2249 LX,
769 2182 821 2240 30.
853 2182 975 2255 Eutrop.
1002 2182 1071 2251 VII,
1095 2184 1145 2257 13)
1176 2189 1207 2242 et
1227 2185 1272 2242 Ti.

155 2278 266 2337 Plautii
286 2277 396 2336 Silvani
415 2278 565 2355 Aeliani⁴),
589 2281 636 2351 qni
658 2284 689 2338 et
708 2280 770 2351 ipse
791 2286 960 2338 ornamenta
981 2281 1102 2353 aceepit.

237 2377 263 2434 6.
287 2375 318 2436 0.
340 2376 467 2435 Vibius
488 2375 719 2451 Postumus⁵),
740 2379 851 2450 legatus
865 2375 945 2449 Ang.
967 2395 1011 2450 pr.
1032 2396 1075 2451 pr.
1097 2378 1275 2451 Dalmatiae,

156 2473 264 2532 virtute
286 2490 311 2531 a.
336 2473 380 2550 9⁶>
413 2476 536 2546 probata
561 2475 667 2532 meruit
691 2475 878 2546 triumphalia
910 2475 996 2550 (Vell.
1018 2476 1056 2546 II,
1086 2478 1152 2548 116,
1178 2476 1205 2548 1)
1238 2493 1274 2534 aa

156 2571 305 2643 imprimis,
337 2576 370 2629 ut
400 2572 521 2645 ridetur,
555 2572 591 2629 de
619 2589 714 2639 eausa,
747 2572 823 2643 qnod
844 2572 962 2630 Ardnba
982 2579 1146 2646 expugnata
1166 2572 1273 2632 bellum
1359 2575 1362 2582 ’

68 2667 70 2672 ’
161 2668 293 2726 confecit.
337 2667 409 2743 (Dio
430 2667 508 2741 LVI,
534 2669 596 2744 15).
638 2667 745 2728 Consul
765 2669 827 2727 suff.
849 2669 905 2728 fnit
925 2689 951 2728 a.
975 2672 992 2728 5
1014 2689 1042 2743 p.
1064 2669 1132 2729 Chr.

241 2767 268 2824 7.
290 2764 499 2824 Germanico
521 2766 641 2838 denique
658 2768 757 2825 nuntio
772 2767 840 2825 belli
856 2768 1008 2840 composili
1029 2769 1127 2825 statim
1148 2770 1274 2841 insignia

155 2892 354 2900 ——n-——a—-v

226 2953 247 3020 ¹)
266 2951 450 3020 Borghesinm
478 2953 554 3021 (opp.
577 2951 609 3006 V.
629 2968 656 3022 p.
678 2953 739 3020 108)
769 2954 880 3006 secutus
899 2950 1088 3021 NIpperdeius
1117 2951 1165 3022 (ad
1184 2949 1215 3006 T.
1234 2951 1269 3006 A.

153 3038 200 3109 IV,
219 3041 274 3109 22),
293 3039 341 3095 ubi
362 3039 395 3093 de
408 3037 582 3094 Plautiorum
599 3036 705 3092 familia
723 3039 789 3109 agit,
808 3038 923 3094 adnotat
935 3039 970 3097 M.
989 3038 1131 3094 Plautium
1150 3039 1274 3107 legatum

158 3126 262 3181 Tiberii
274 3125 360 3182 fnisse
373 3143 397 3182 a.
413 3126 532 3182 rotello
545 3125 705 3181 Pannonico
718 3127 781 3182 ooll.
800 3125 890 3181 Dione
902 3126 973 3196 LVI,
995 3129 1027 3182 12
1046 3129 1075 3181 et
1092 3127 1272 3197 triomphalia

155 3231 179 3270 a.
207 3217 239 3269 12
267 3246 300 3255 -
328 3216 402 3271 idem
429 3202 514 3270 sentit
536 3214 676 3270 Kleinius:
704 3233 727 3270 r.
750 3214 1054 3284 Vernaltungsbeamte
1077 3215 1105 3287 Ι,
1130 3221 1142 3271 1
1167 3233 1194 3285 p.
1222 3219 1271 3272 104

154 3302 207 3361 Νο.
229 3304 278 3359 105
299 3335 332 3344 -
357 3304 498 3374 accepisse
518 3303 580 3359 coll.
601 3303 676 3362 Suet.
697 3303 756 3359 Tib.
777 3307 819 3360 20.
856 3304 916 3373 Ego
935 3306 1040 3374 eontra,
1059 3320 1108 3359 eur
1127 3321 1151 3362 a.
1174 3307 1205 3360 12
1225 3303 1272 3360 de·

153 3407 230 3446 mum
257 3393 437 3463 triumphalia
464 3392 507 3447 illi
525 3392 652 3449 Tiberius
675 3393 839 3462 impetrarit,
866 3409 911 3448 me
928 3393 1097 3462 intellegere
1115 3409 1171 3449 non
1189 3409 1273 3463 posse

151 3480 292 3550 profiteor.

224 3570 246 3638 ²)
266 3572 337 3639 part.
356 3569 393 3641 ΙΙ,
412 3587 435 3626 o.
454 3568 467 3624 I
486 3572 501 3640 ξ
523 3574 564 3641 10,
575 3573 599 3626 8.
623 3587 649 3639 p.
670 3572 713 3629 38.

223 3657 451 3726 ⁸)WaddIngton
471 3657 544 3727 (fast.
564 3658 586 3725 I,
605 3658 658 3714 No.
678 3661 723 3729 64)
746 3659 782 3714 ad
798 3675 904 3714 annum
922 3658 1001 3728 4-5,
1026 3658 1167 3729 Zippelius
1192 3660 1272 3727 (rom.

153 3744 317 3800 Herrsehaft
333 3747 362 3800 iu
374 3745 491 3816 Illyrien
508 3747 550 3802 bis
568 3744 617 3801 auf
630 3747 789 3816 Augustus,
803 3745 906 3817 (Leipz.
928 3748 1008 3816 1878)
1026 3763 1053 3817 p.
1075 3750 1107 3803 13
1121 3748 1156 3802 ad
1169 3763 1273 3802 annum

154 3835 222 3888 l-2
241 3851 269 3905 p.
288 3833 352 3890 Chr.
373 3834 432 3888 eius
449 3835 678 3904 proconsulatum
696 3836 844 3891 revocavit.

223 3923 245 3991 ⁴)
265 3939 289 3980 v.
308 3921 381 3976 infra
398 3924 470 3992 part.
489 3920 526 3991 11,
545 3939 568 3978 o.
587 3922 611 3977 V
630 3923 646 3992 §
665 3926 690 3980 3.

197 4043 200 4050 ·
223 4011 246 4082 ⁸)
265 4009 299 4066 os.
320 4008 350 4066 G.
369 4010 387 4066 l.
407 4010 437 4066 L.
457 4010 503 4081 IX,
522 4013 587 4067 730:
605 4028 715 4081 procos.

223 4099 247 4171 0)
265 4099 329 4155 vide
342 4115 427 4170 supra
439 4102 513 4170 part,
531 4098 568 4170 11,
587 4116 609 4154 α
629 4100 642 4155 I
661 4101 676 4169 ξ
697 4103 737 4157 10.
758 4117 785 4171 p.
802 4103 848 4156 29.
