2984 4852
582 368 801 432 ,29-

134 584 259 641 tumultu
278 597 371 655 paene
392 580 522 654 oppressi
541 580 669 638 Velleius
701 579 753 654 (ll,
778 579 850 654 112)
881 580 1007 653 profert,
1041 581 1144 640 cadere
1165 600 1248 640 nemo

134 682 242 739 infitias
262 680 326 738 ibit.
367 677 442 737 Sunt
461 677 522 737 iere
542 677 627 736 h'aeo:
660 678 732 735 felix
753 680 872 748 eventu,
903 676 980 735 forte
1001 684 1107 737 conatu
1141 681 1251 753 „prima

33 835 38 842 ,
135 783 247 836 aestate
266 777 352 835 belli“
376 776 536 835 Messallini
554 792 626 847 opus
646 775 837 832 mandandum
860 781 905 833 est
925 776 1087 835 memoriae.
1130 777 1185 847 Qui
1205 779 1251 836 vir

135 875 317 947 praepositus
336 873 456 947 Illyrico
480 872 594 942 ,subita
613 873 788 931 rebellione“
811 889 875 930 cum
896 872 1055 945 semiplena
1074 873 1190 945 legione
1210 875 1251 934 vi-

137 973 244 1030 cesima
264 970 456 1029 circumdatus
480 969 581 1028 hostili
601 971 730 1027 exercitu
752 970 874 1044 amplius
894 971 1001 1044 viginti
1021 972 1102 1030 milia
1122 970 1199 1030 fudit
1220 977 1250 1030 et

138 1071 174 1126 ob
198 1069 229 1126 id
254 1067 429 1126 ornamentis
449 1065 674 1140 triumphalibus
700 1069 857 1127 honoratus
878 1074 931 1128 est.
973 1069 1119 1141 Legiones
1140 1069 1250 1142 deinde,

138 1183 210 1237 quae
236 1183 271 1223 ex
302 1165 367 1224 aliis
397 1165 554 1239 provinciis
585 1165 694 1223 auxilio
720 1171 921 1224 succurrerent
953 1165 991 1240 (a.
1015 1168 1042 1226 6.
1064 1171 1138 1226 testa
1158 1166 1251 1225 Dione

138 1264 201 1332 LV,
227 1262 295 1337 30),
326 1262 438 1320 remisit
457 1261 604 1328 Tiberius,
637 1279 701 1320 cum
726 1263 788 1335 ipse
814 1263 930 1333 hiemis,
962 1263 1110 1338 (uidelicet
1130 1263 1255 1322 eiusdem

139 1361 220 1435 anni)
250 1359 335 1416 initio
360 1373 507 1430 regressus
533 1356 655 1416 Sisciam
680 1359 790 1430 legatos
816 1360 985 1431 praeficeret
1009 1361 1138 1418 hibernis
1167 1359 1255 1434 (Vell.

139 1459 179 1525 ΙΙ,
204 1455 282 1530 113).
326 1439 440 1511 Annum
461 1455 488 1524 V,
519 1471 575 1526 quo
606 1454 685 1513 solus
705 1454 896 1514 Germanicus
920 1457 1028 1515 bellum
1053 1458 1155 1530 gessit,
1188 1456 1256 1531 (Dio

139 1552 206 1620 LV,
228 1553 280 1627 31)
301 1552 416 1610 silentio
431 1554 580 1624 praetem't.
616 1552 716 1613 Verba
732 1553 771 1625 Π,
795 1555 864 1611 114:
888 1554 1014 1623 ,hiems“
1037 1557 1258 1613 emolumentum

141 1649 252 1722 patrati
265 1648 335 1708 belli
350 1650 479 1720 contulit,
502 1650 552 1710 sed
575 1651 754 1722 ,insequenti
768 1654 897 1710 aestate“
920 1652 1013 1709 omnis
1026 1650 1178 1709 Pannonia
1190 1653 1259 1709 reli·

142 1748 215 1820 qniis
229 1748 318 1806 totius
330 1747 400 1806 belli
413 1749 444 1805 in
456 1747 606 1806 Delmatia
619 1748 798 1807 manentibus
817 1765 916 1822 pacem
937 1750 1032 1823 petiit.
1072 1749 1252 1819 ,Autumno“

141 1847 236 1904 victor
255 1845 286 1902 in
303 1844 424 1903 hiberna
444 1845 592 1903 reducitur
613 1848 766 1915 exercitus,
789 1847 869 1905 cuius
889 1848 1020 1906 omnibus
1041 1848 1132 1919 copiis
1153 1843 1258 1904 acae-

142 1959 207 2001 sare
227 1942 266 2000 M.
288 1943 415 2014 Lepidus
435 1943 600 2014 praefactus
625 1949 686 2003 est¹‘
722 1944 854 2003 dubitare
875 1961 932 2003 non
952 1945 1056 2013 sinunt,
1088 1944 1156 2015 quin
1176 1959 1259 2001 casus

144 2037 212 2097 anni
232 2041 251 2098 8
271 2039 459 2111 intellegendi
479 2041 546 2106 sint,
568 2057 624 2112 quo
649 2056 722 2099 anno
743 2040 920 2098 Pannoniam
942 2057 1042 2112 pacem
1062 2041 1181 2113 petiisse
1201 2039 1258 2097 Dio

146 2135 223 2211 (LV,
246 2134 298 2209 33)
328 2141 462 2196 testatur.
503 2136 711 2211 Subsequor)
742 2154 833 2196 annus
864 2138 907 2210 (9)
931 2137 1034 2209 incipit
1062 2138 1157 2209 capite
1191 2136 1259 2194 115:

149 2231 276 2301 ,Caesar
306 2233 344 2292 ad
374 2234 497 2292 alteram
522 2236 592 2294 belli
611 2225 770 2295 Delmatici
800 2237 904 2294 molem
925 2237 1051 2294 animum
1072 2240 1157 2306 atque
1178 2250 1260 2292 arma

148 2330 286 2387 contulit“
318 2335 372 2388 etc.
418 2332 522 2400 ,Initio
549 2334 669 2392 aestatis
689 2334 817 2405 Lepidus
842 2334 944 2392 educto
964 2333 1092 2392 hibernis
1113 2332 1258 2390 exercitu‘

146 2426 264 2485 tendens
289 2428 326 2485 ad
346 2426 494 2487 Tiberium
519 2447 623 2503 magna
648 2448 711 2489 curn
732 2431 815 2490 clade
836 2431 1036 2489 obsistentium
1057 2429 1160 2488 excisis
1180 2428 1260 2500 agris

147 2524 239 2582 laetus
269 2524 394 2584 victoria
423 2519 587 2599 praedaque
619 2533 736 2587 onustus
761 2529 893 2601 pervenit
917 2529 954 2586 ad
978 2527 1144 2586 Caesarem.
1187 2527 1262 2596 ,Illa

147 2625 260 2678 aestas“
293 2623 411 2681 maximi
439 2624 510 2682 belli
535 2627 742 2685 consummavit
767 2626 900 2696 effectus,
933 2626 1038 2697 quippe
1065 2625 1152 2683 armis
1172 2624 1263 2697 ipsius

149 2717 286 2777 Caesaris
302 2726 365 2778 tum
380 2721 493 2780 demum
506 2725 604 2796 pacati
618 2735 693 2796 sunt,
716 2742 780 2783 cnm
793 2741 884 2798 paene
897 2722 1025 2781 funditus
1047 2722 1141 2780 eversi
1160 2721 1264 2778 forent.

149 2816 252 2889 Capite
272 2819 335 2890 116,
356 2825 389 2878 ut
402 2822 475 2879 hace
488 2821 587 2880 statim
600 2824 791 2891 absolvemus,
811 2821 887 2879 idem
901 2819 1068 2879 Germanici
1082 2819 1260 2888 aliorumque

151 2923 254 2982 ducum
267 2924 340 2982 bene
353 2925 547 2995 spectatorum
560 2920 697 2978 virtutem
716 2919 784 2990 quin
804 2919 946 2987 laudaret,
967 2917 1064 2974 facere
1085 2929 1142 2971 non
1155 2912 1262 2984 potuitz

154 3037 275 3093 ,magna
287 3021 319 3076 in
332 3020 405 3077 bello
420 3017 580 3076 Delmatico
599 3017 797 3088 experimenta
810 3014 928 3073 virtutis
948 3014 978 3070 in
998 3011 1124 3069 incultos
1144 3026 1178 3067 ac
1192 3006 1268 3066 dist

152 3119 221 3176 ciles
241 3118 320 3176 locos
340 3117 514 3188 praemissus
528 3114 715 3173 Germanicus
736 3112 830 3180 dedit;
852 3111 960 3169 celebri
981 3110 1069 3168 etiam
1090 3122 1180 3180 opera
1200 3105 1268 3163 dili-

153 3192 290 3288 gentique
310 3214 412 3272 Vibius
432 3212 593 3284 Postumus,
625 3212 671 3270 vir
692 3209 859 3279 consularis,
890 3207 1074 3281 praepositus
1094 3203 1264 3273 Delmatiae,

155 3319 323 3372 ornamenta
347 3311 452 3369 meruit
471 3309 673 3383 triumphalia,
700 3323 784 3380 quem
804 3306 943 3363 honorem
963 3311 1031 3362 ante
1052 3317 1158 3374 paucos
1179 3315 1269 3357 annos

154 3419 310 3477 Passienus
335 3416 365 3472 et
389 3411 494 3469 Cossus
518 3408 549 3466 in
573 3406 676 3465 Africa
701 3408 872 3464 meruerant.
913 3402 970 3461 Sed
996 3391 1102 3458 Cossus
1127 3396 1268 3456 victoriae

157 3514 351 3574 testimonium
369 3510 457 3569 etiam
475 3509 506 3566 in
527 3521 684 3578 cognomen
704 3503 757 3562 filii
778 3501 907 3560 contulit.
950 3500 991 3560 At
1004 3495 1132 3555 Postumi
1152 3510 1270 3567 opernm

158 3615 192 3672 L.
214 3610 359 3685 Apronius
372 3608 519 3682 particeps
532 3604 584 3661 illa
597 3616 709 3674 quoque
722 3599 826 3657 militia
847 3614 905 3667 eos,
926 3611 997 3668 quos
1017 3610 1083 3676 mox
1104 3594 1271 3650 consecutus

159 3716 211 3780 est,
243 3710 365 3766 honores
390 3701 543 3764 excellenti
572 3701 681 3758 virtute
711 3697 844 3755 meruit.“
893 3694 954 3765 Quo
981 3691 1075 3765 capito
1100 3686 1270 3748 existimarit

232 3894 254 3967 ¹)
274 3892 321 3964 qui
343 3887 418 3960 apud
436 3886 556 3942 Dionem
580 3881 662 3954 (LVI,
687 3883 718 3937 12
742 3878 816 3951 init.)
843 3877 989 3933 consulum
1016 3874 1082 3930 anni
1106 3875 1140 3929 10
1160 3871 1273 3926 nomina

161 3984 296 4041 excidisse
323 3980 432 4051 putant,
458 3974 605 4042 Volloinm,
631 3973 664 4026 ut
686 3985 790 4026 annum
808 3971 835 4039 Ι,
852 3968 892 4022 ita
915 3981 1018 4020 annum
1043 3966 1059 4018 3
1078 3961 1205 4017 omittere
1228 3975 1273 4014 co-

161 4075 265 4144 guntur
281 4084 394 4141 ponere.
