2984 4852
677 391 898 454 ..10-

228 602 305 661 docti
331 602 548 678 Borghesium1)
582 603 688 674 secuti,
719 603 750 660 in
780 619 907 661 errorem
938 602 1074 662 incidisse
1105 603 1176 662 mibi
1201 603 1347 666 videntur.

227 698 360 770 Etenim,
392 715 456 756 cum
480 699 600 770 reliquis
625 699 698 758 locis
724 700 853 759 omnibus
879 699 1036 772 scriptores
1057 706 1226 760 ornamenta
1244 703 1347 760 triurn-

228 797 327 868 phalia
357 796 444 854 alicui
475 796 591 855 decreta
623 813 687 856 esse
717 796 907 870 significaturi
940 812 997 855 uno
1031 813 1066 855 ex
1099 798 1198 857 verbis
1232 799 1347 876 supra²)

229 893 395 966 compositis
425 897 557 965 utantur,
592 894 717 952 animum
748 895 883 953 inducere
914 910 972 952 non
1001 911 1130 968 possum,
1165 900 1199 953 ut
1230 896 1347 954 credam

229 994 355 1048 statuam
379 991 597 1064 triumphalem,
630 1009 715 1064 quam
745 992 960 1065 triumphalium
984 997 1099 1064 partem
1129 993 1202 1051 falso
1233 997 1347 1067 putant,

229 1089 362 1160 quamvis
381 1088 612 1148 honestissimam
633 1107 685 1163 pro
708 1091 884 1149 ornamentis
901 1090 1125 1163 triumphalibus
1146 1091 1254 1148 dictam
1274 1107 1348 1150 esse.

229 1186 321 1244 Immo
352 1191 382 1244 et
408 1187 521 1259 Aponio
554 1192 584 1246 et
615 1187 776 1260 Spurinnae
806 1188 930 1260 primum
960 1193 1130 1245 ornamenta
1160 1188 1350 1260 triumphalia

230 1283 327 1341 nescio
349 1300 433 1356 quam
455 1285 490 1343 ob
516 1300 648 1356 causam,
679 1289 782 1358 postea
807 1300 871 1342 cum
897 1285 990 1343 denuo
1010 1285 1148 1343 virtutem
1168 1286 1349 1358 probassent,

231 1385 357 1438 statuam
389 1382 501 1452 utrique
532 1382 737 1464 triumphalem
768 1381 886 1440 decreta
920 1397 982 1439 esse
1013 1385 1117 1439 statuo.
1170 1381 1349 1441 Ornamenta
1430 1385 1434 1391 '

231 1482 327 1535 antem
352 1479 540 1552 triumphalia
571 1486 658 1538 antea
683 1478 799 1552 Aponio
825 1484 855 1536 et
881 1478 1041 1551 Spurinnae
1068 1479 1180 1537 tributa
1209 1495 1270 1538 esse
1295 1497 1349 1538 nec

231 1575 364 1646 Tacitus,
395 1576 446 1646 qui
465 1576 520 1634 hoc
541 1576 577 1634 de
597 1573 715 1648 Aponio
736 1577 766 1632 in
790 1575 970 1644 ,annalium‘
993 1580 1076 1648 parta
1097 1580 1240 1647 extrema,
1273 1593 1349 1649 quae

230 1688 289 1730 non
307 1674 366 1731 iam
388 1679 493 1744 exstat,
517 1673 577 1732 sine
598 1674 684 1733 dubio
698 1674 841 1740 tradidit·
852 1689 905 1731 nec
918 1672 1030 1731 Plinius
1043 1674 1158 1745 repetit.
1194 1670 1347 1742 Nimirum,

231 1770 361 1841 quisquis
382 1770 529 1842 acciperet
551 1774 678 1828 statuam
698 1771 914 1843 triumphalem,
948 1787 1004 1842 qua
1028 1772 1128 1829 habitu
1155 1773 1351 1846 triumphali³)

231 1865 395 1938 fingebatur
414 1868 492 1925 haud
513 1868 607 1940 dubie,
630 1869 656 1925 ei
678 1872 847 1927 ornamenta
866 1869 1055 1941 triumphalia
1076 1869 1193 1928 decreta
1213 1870 1270 1928 iam
1285 1886 1350 1929 esse

231 1980 314 2021 nemo
334 1963 480 2023 Romanus
501 1982 558 2023 non
579 1967 697 2024 sciebat.
739 1965 788 2024 An
813 1982 882 2024 vero
907 1963 971 2024 fieri
996 1966 1104 2039 potuit,
1137 1972 1169 2023 ut
1201 1968 1351 2039 quisquam
1412 1985 1413 1990 ¹

231 2061 454 2136 triumphalibus
464 2063 582 2122 indutus
593 2069 690 2122 statua
700 2064 868 2137 triumphali
879 2064 1002 2136 posteris
1012 2069 1159 2136 tamqnam
1172 2064 1350 2134 traderetur,

233 2160 279 2216 cui
313 2175 456 2231 nunqnam
497 2178 589 2233 neque
628 2162 790 2234 triumphus
830 2178 922 2233 neque
956 2167 1123 2220 ornamenta
1163 2163 1351 2236 triumphalia

232 2255 347 2314 decreta
368 2257 483 2316 essent?
524 2259 591 2319 Non
613 2259 706 2316 credo.

313 2354 445 2426 Denique
476 2356 552 2427 apud
582 2357 705 2415 Dionem
735 2356 892 2430 (LXVIII,
927 2356 978 2431 lb)
1007 2354 1208 2432 Borghesius⁴)
1238 2361 1352 2416 statuas

234 2450 424 2524 triumphales
445 2451 537 2522 Sosio,
558 2453 685 2524 Palmae,
708 2452 791 2511 Celso
812 2452 944 2512 decretas
963 2453 1095 2526 intellegi
1119 2454 1240 2526 ideoque
1266 2470 1351 2512 orna-

132 2533 141 2550 '
233 2553 330 2605 menta
343 2549 530 2622 triumphalia
544 2549 585 2608 ibi
599 2551 799 2608 substituenda
813 2566 875 2609 esse
887 2551 957 2610 vult.
981 2550 1019 2608 At
1032 2555 1145 2610 statuas
1158 2551 1351 2624 triumphales

190 2693 196 2701 .
234 2644 442 2728 intellegendas
462 2663 525 2705 esse
546 2663 637 2720 neque
652 2647 709 2704 Dio
723 2647 815 2705 tradit
828 2663 920 2720 neque
935 2663 970 2705 eo
984 2647 1118 2719 efficitur,
1140 2649 1216 2718 quod
1229 2648 1350 2707 Palmae

234 2747 402 2802 ornamenta
431 2744 617 2816 triumphalia
647 2744 764 2802 decreta
796 2761 857 2803 esse
882 2745 984 2802 titulus
1015 2745 1077 2803 eius
1107 2745 1198 2804 docet
1248 2746 1353 2816 Neque

234 2838 310 2896 enim
330 2845 428 2897 statua
448 2840 630 2913 triumphalis
651 2841 755 2913 obtigit
777 2842 906 2900 omnibus
927 2843 979 2910 eis,
1002 2842 1051 2914 qui
1069 2844 1246 2902 ornamentis
1259 2844 1351 2902 hono·

220 2933 293 2993 'rati
306 2942 380 2994 sunt.
422 2938 527 3009 Itaque
541 2943 639 2996 statua
653 2954 672 2996 a
684 2938 781 2997 Dione
796 2943 1017 2997 commemorata
1031 2939 1131 2997 eadem
1144 2939 1217 2997 mihi
1235 2940 1351 2998 videtur

235 3049 297 3092 esse
317 3051 353 3102 ac
373 3035 453 3094 cuins
473 3037 646 3094 mentionem
666 3035 740 3094 facit
752 3035 870 3094 Palmae
889 3036 1001 3109 titulus,
1024 3052 1097 3108 quae
1118 3052 1169 3094 nec
1189 3035 1348 3112 laureata⁵)

235 3143 287 3188 nco
311 3133 495 3206 triumphalis
519 3133 584 3192 fuit.
627 3132 685 3192 Sed
709 3134 758 3192 hic
787 3134 889 3206 pedem
919 3134 1060 3192 sistamus.
1107 3133 1189 3206 Quae
1214 3134 1290 3192 enim
1315 3134 1352 3192 de

235 3231 332 3286 statua
356 3230 525 3302 triumphali
551 3230 771 3303 disputavimus,
802 3229 933 3288 sufficere
959 3231 1040 3296 nobis
1065 3230 1213 3298 videntur,
1246 3231 1349 3301 quibus

308 3485 329 3554 ¹)
348 3484 453 3540 Annali
469 3485 535 3542 inst.
554 3485 630 3544 arch.
651 3487 718 3541 1846
736 3503 765 3556 p.
783 3487 836 3542 340
853 3511 889 3532 =
908 3502 972 3558 opp.
991 3487 1023 3558 V,
1042 3490 1157 3559 29-31,
1175 3484 1353 3558 Marquardt:

236 3590 258 3632 r.
277 3573 454 3631 Staatsverw.
472 3573 510 3646 II,
528 3591 555 3645 p.
575 3576 627 3631 572
646 3574 710 3631 adn.
733 3578 775 3646 14,
794 3577 846 3631 573
866 3575 929 3631 adn.
949 3578 973 3633 2.
1010 3577 1178 3632 Mommsen:
1200 3575 1257 3631 ind.
1279 3573 1353 3631 Plin.

236 3679 263 3732 p.
281 3664 343 3718 429.
1415 3671 1418 3678 '

306 3751 329 3819 ²)
348 3751 439 3820 eapite
458 3750 493 3808 II.
512 3769 540 3822 p.
560 3752 586 3812 5.

308 3837 330 3909 ³)
350 3855 383 3895 ea
402 3842 477 3895 certe
495 3840 530 3896 de
549 3855 634 3896 causa
651 3843 767 3910 argento
786 3842 862 3913 picto
880 3842 1040 3898 utebantur.

307 3927 330 3997 ⁴)
349 3927 423 3985 Amr.
445 3929 510 3986 inst.
533 3929 608 3989 arch.
633 3931 701 3986 1846
724 3947 752 4000 p.
776 3932 827 3986 341
852 3957 886 3975 -=
910 3947 973 4001 opp.
998 3930 1035 4002 V,
1062 3933 1094 3986 31
1121 3929 1154 3988 cf.
1177 3929 1352 4001 Marqnardt:

236 4034 258 4073 r.
278 4016 454 4074 Staatsverw.
474 4034 501 4087 p.
521 4019 573 4074 573
592 4017 657 4074 adn.
677 4020 701 4074 2.

308 4106 332 4174 ⁵)
350 4123 375 4163 v.
395 4122 481 4177 supra
498 4121 526 4176 p.
546 4109 571 4166 8.
