2984 4852
666 391 887 454 ,34-

297 602 367 660 Jam
389 618 459 660 vcro
485 602 522 659 ad
547 603 727 675 propositum
759 602 908 660 redeamus
940 607 971 660 ct
1002 602 1191 675 exploremus,
1224 603 1342 673 quinam

217 699 437 772 triumphalibus
468 699 544 758 bello
576 700 739 758 Pannonico
772 699 902 757 exornati
934 701 1161 772 triumphantem
1191 700 1340 758 Tiberium

218 797 277 854 sint
297 798 397 854 secuti.

304 894 328 950 1.
361 893 516 952 Ordiamur
531 911 548 951 a
562 893 601 950 M.
617 894 764 952 Valerio
785 892 938 953 Corvino
952 894 1124 952 Messalla
1138 895 1197 952 sive
1211 894 1341 954 Messa-

219 990 338 1064 lino¹);
364 991 414 1062 qui
436 994 510 1048 teste
530 990 647 1050 Velleio
668 991 720 1066 (II,
745 989 815 1066 112)
841 992 935 1063 prima
956 995 1066 1050 aestate
1086 992 1156 1050 belli
1177 993 1255 1049 illius
1275 992 1295 1052 i.
1316 1008 1340 1050 e.

221 1105 245 1146 a.
269 1089 286 1146 6
307 1088 489 1160 praepositus
510 1087 630 1161 Illyrico
652 1087 700 1163 (cf.
722 1088 809 1146 Dion.
832 1088 890 1146 ind.
912 1087 981 1163 LV)
1002 1087 1099 1147 subita
1116 1089 1272 1147 rebellione
1287 1090 1343 1146 oir-

220 1186 370 1243 cumdatus
391 1184 486 1242 vietor
505 1184 618 1242 hostilis
640 1186 784 1243 exercitus
805 1185 938 1244 discessit
959 1191 989 1243 et
1010 1187 1046 1243 ob
1066 1186 1097 1244 id
1117 1204 1174 1244 non
1188 1187 1342 1260 triumphe,

221 1298 305 1354 quem
326 1283 354 1339 ei
374 1280 506 1339 Tibullus
527 1281 577 1356 (II,
601 1281 695 1357 ofin.)
716 1299 772 1340 non
786 1283 974 1356 praesagiens
987 1282 1117 1340 futuram
1131 1283 1344 1341 institutionem

221 1379 405 1450 vaticinatur,
428 1383 459 1436 at
481 1380 657 1437 ornamentis
677 1379 903 1452 triumphalibus
927 1381 1084 1438 honoratus
1110 1385 1162 1440 est.
1206 1381 1266 1439 Vix
1286 1397 1344 1440 una

223 1492 287 1534 oum
313 1476 430 1534 Tiberio
462 1476 492 1533 in
518 1474 705 1534 Germaniam
735 1477 883 1549 profectus
915 1482 988 1549 erat,
1022 1494 1086 1535 cnm
1118 1477 1211 1536 subito
1242 1479 1344 1537 seditio

223 1572 436 1632 Pannoniorum
464 1591 499 1631 ac
525 1574 725 1632 Dalmatarum
751 1576 870 1645 exarsit,
902 1580 1128 1647 propterquam
1153 1591 1168 1632 e
1191 1575 1347 1634 Germania

223 1669 318 1729 redire
339 1671 432 1728 coacti
458 1676 534 1730 sunt.
569 1671 748 1730 Praemissus
768 1672 939 1730 Messalinus
963 1672 1056 1743 priori
1075 1689 1170 1745 pugna
1190 1690 1209 1729 a
1232 1673 1346 1730 Batona

226 1768 319 1825 rictus
351 1773 408 1836 est,
440 1773 543 1840 postea
574 1769 704 1839 superior
734 1767 867 1826 discessit
892 1768 963 1842 (Dio
983 1769 1045 1836 LV,
1073 1769 1120 1828 29.
1142 1759 1203 1843 30),
1244 1769 1347 1839 Itaque

225 1865 312 1922 decus
332 1866 438 1922 meruit
459 1864 558 1922 eodem
578 1863 691 1941 ann0²)‚
718 1865 775 1923 nisi
795 1864 871 1923 forte
893 1882 919 1923 a.
942 1861 991 1940 9⁸)
1018 1881 1081 1923 cum
1102 1867 1206 1924 ceteris
1227 1864 1368 1926 ducibus.

225 1962 415 2035 triumphalia
437 1978 501 2020 eum
522 1963 667 2033 accepisse
689 1963 846 2021 existimas.

309 2058 404 2120 Filius
436 2064 500 2118 erat
526 2061 648 2117 oratoris
673 2059 827 2117 Messallae
848 2058 966 2117 Oorvini
997 2059 1082 2134 (Vell.
1108 2060 1127 2120 l.
1149 2060 1168 2117 1.
1191 2060 1260 2118 Tac.
1283 2075 1349 2118 ann.

225 2156 280 2226 ΙΠ,
304 2157 364 2229 34),
385 2157 435 2227 qni
456 2174 481 2215 a.
505 2158 544 2214 27
565 2175 592 2216 a.
616 2155 677 2214 Chr
698 2174 733 2214 ex
755 2155 853 2215 Gallia
878 2157 1077 2230 triumphavit,
1103 2157 1173 2232 (act.
1195 2163 1232 2217 tr.
1253 2155 1349 2232 Gap),

227 2255 322 2312 irater
354 2253 459 2312 Cottae
489 2251 676 2329 Messalinr),
709 2255 819 2312 amicus
841 2254 936 2312 Ovidii
970 2253 1029 2327 (ep.
1051 2254 1135 2312 Pont.
1160 2254 1185 2326 I,
1209 2256 1234 2312 7.
1261 2254 1350 2325 112.

229 2350 319 2410 Trist.
341 2349 394 2422 IV,
417 2352 458 2426 4).
494 2350 609 2409 Auctor
630 2353 773 2423 carminis,
796 2352 873 2423 quod
893 2351 1060 2409 inscribitur
1075 2348 1161 2423 Giris,
1182 2353 1258 2409 hunc
1278 2351 1352 2409 allo-

230 2449 327 2520 quitur
346 2448 441 2506 hisce:
462 2450 596 2507 iuvenum
618 2448 781 2506 doctissime
803 2448 851 2523 (of.
876 2448 986 2507 Teuffel
1007 2449 1099 2520 Littg.
1122 2448 1222 2524 §aaa
1246 2448 1314 2507 28.
1329 2449 1350 2508 l.

231 2547 299 2616 267,
323 2545 363 2619 6).
404 2545 664 2616 Quindecimvirum
687 2563 750 2603 eum
771 2545 859 2604 fnisse
875 2563 990 2604 carmen
1005 2546 1115 2604 Tibulli
1136 2545 1189 2621 (Π,
1212 2545 1244 2620 5)
1266 2545 1351 2604 docet

231 2647 343 2714 posta.
367 2639 436 2715 26⁵)
464 2643 660 2715 compositum,
686 2641 778 2702 fasces
798 2644 890 2714 gessit
909 2660 936 2702 a.
960 2645 976 2701 3
999 2661 1024 2703 a.
1047 2641 1126 2712 Ohr,
1147 2643 1274 2700 fortasse
1294 2657 1352 2700 non

231 2740 273 2800 Μ.
294 2739 432 2799 Valerius
453 2739 625 2820 Messalinus
647 2739 745 2798 consul
766 2757 793 2800 a.
815 2742 853 2800 20
874 2758 902 2813 p.
926 2739 1005 2812 Chr,
1033 2741 1082 2798 sed
1107 2739 1155 2797 hic
1180 2739 1273 2798 frater
1292 2737 1352 2798 Ar·

233 2837 305 2922 yalis
325 2835 382 2895 fuit
403 2853 430 2896 a.
452 2839 490 2895 21
513 2854 540 2910 p.
562 2836 630 2910 Chr.
654 2838 787 2913 (Henzen
807 2839 864 2896 ind.
888 2838 924 2897 fr.
939 2839 1010 2898 Arv.
1031 2856 1060 2912 p.
1086 2839 1165 2912 199),
1187 2853 1243 2908 qno
1265 2838 1353 2896 ctiam

233 2935 315 2993 vivus
336 2939 511 2992 memoratur
534 2935 613 3011 (Tac.
637 2951 702 2994 ann.
724 2935 779 3006 III,
803 2935 862 3009 34).

309 3208 329 3276 ¹)
348 3224 374 3263 v.
393 3205 527 3276 Nipperd.
547 3206 582 3262 ad
597 3207 662 3266 Tac.
680 3224 744 3262 ann.
764 3207 786 3276 1,
805 3210 830 3278 8,
850 3208 897 3264 ubi
915 3209 1076 3262 nominatur
1087 3207 1208 3262 Messala
1220 3206 1355 3262 Valerius.

167 3313 170 3317 ·
235 3294 272 3351 ib.
291 3292 342 3366 ΠΙ,
363 3297 405 3354 18.
429 3299 477 3352 34:
501 3296 628 3352 Valerius
651 3297 826 3354 Messalinus.
854 3297 907 3352 Dio
931 3297 988 3353 ind.
1006 3296 1066 3353 LV:
1092 3297 1124 3352 M.
1148 3294 1296 3368 Οὐαλέριος,
1321 3293 1356 3350 Μ.

237 3381 299 3448 υἱός,
317 3385 457 3445 Mercator
476 3386 492 3457 ἢ
514 3384 683 3455 Marcolica,
708 3385 741 3442 of.
760 3386 891 3441 Haackh:
915 3385 1013 3456 Pauly,
1030 3386 1063 3442 R.
1082 3386 1114 3442 Ε.
1133 3384 1180 3454 VI,
1199 3384 1277 3446 2355.
1298 3385 1357 3441 100.

237 3470 343 3539 Annali
360 3473 424 3529 inst.
444 3473 519 3531 arch.
541 3475 609 3530 1856
627 3491 655 3545 p.
678 3478 718 3530 14.
756 3474 833 3531 Suet.
850 3474 923 3543 Aug.
943 3475 985 3534 58.
1005 3477 1048 3532 74.
1068 3472 1148 3532 Galb.
1166 3477 1192 3529 4.
1214 3519 1215 3522 ,

241 3618 244 3622 ,
310 3563 331 3632 ²)
351 3562 498 3618 Henzenus
518 3564 583 3631 (act.
601 3562 635 3622 ir.
654 3563 722 3620 Aru.
741 3581 768 3634 p.
785 3563 858 3636 199),
876 3563 1045 3632 Borghesius
1065 3565 1140 3633 (opp.
1152 3561 1201 3632 IV,
1218 3561 1284 3633 458)
1304 3562 1358 3618 a8

239 3650 455 3720 triumphalibus
475 3668 538 3707 eum
557 3653 724 3708 honoratum
743 3669 804 3708 esse
822 3668 971 3723 perperam
989 3654 1097 3722 putant.

312 3739 334 3808 ⁸)
354 3739 417 3794 vide
436 3739 509 3794 inira
527 3744 598 3810 part.
617 3741 654 3811 11,
674 3757 697 3797 c.
714 3741 772 3812 l,§
794 3744 836 3812 10,
854 3744 879 3796 8.
897 3757 924 3811 p.
944 3743 987 3796 38.

312 3827 333 3896 ⁴)
353 3844 378 3882 v.
397 3826 533 3898 Nipperd.
551 3828 587 3883 ad
605 3827 641 3898 II,
660 3831 703 3884 32.

313 3916 335 3985 5)
355 3915 388 3971 cf.
407 3915 576 3972 Kindsohcr:
604 3916 741 3973 Mtitzell’s
769 3917 904 3973 Zeitschr.
931 3916 949 3976 f.
978 3918 1003 3973 d.
1028 3917 1065 3973 G.
1088 3917 1129 3972 W.
1153 3917 1221 3972 1859
1250 3933 1277 3986 p.
1301 3917 1361 3970 292.

242 4003 357 4059 Dissen:
378 4003 471 4060 Tibull
485 4004 620 4074 (Gotting.
635 4007 714 4074 1835)
734 4022 761 4075 p.
774 4005 871 4061 XXVI.
884 4004 920 4074 Π,
934 4007 994 4061 268.
1025 4003 1144 4060 Teuffel:
1165 4003 1258 4059 Tibull
1270 4003 1362 4059 libers.

243 4089 357 4161 (Stuttg.
379 4094 459 4162 1853)
481 4110 507 4163 p.
527 4095 561 4148 34
579 4109 640 4164 sqq.
