2984 4852
586 399 804 462 ...21-

135 611 327 669 restituerunt
359 607 550 676 „Vinicium“.
599 607 710 666 Bellum
741 608 771 666 in
802 607 959 667 Germania
983 626 1015 694 a.
1050 613 1063 668 1
1098 629 1125 684 p.
1159 610 1254 686 Chr.¹)

137 711 267 764 exortum
281 705 450 777 quibusdam
469 706 540 763 locis
564 705 677 779 ,gessit
699 705 866 777 quibusdam
888 705 1028 765 feliciter“
1052 708 1089 765 ad
1104 724 1210 767 annum
1224 713 1252 777 4,

137 821 193 875 quo
214 803 344 876 protinus
365 804 402 860 ab
417 803 570 875 adoptione
592 803 618 861 V
638 803 674 863 K.
689 803 751 861 Jul.
773 802 853 861 facta
866 803 1004 862 Tiberius.
1019 805 1050 861 in
1065 803 1252 864 Germaniam

139 902 242 959 missus
264 905 321 969 est,
354 899 573 968 ,sustentavit“.
614 898 777 971 Propterea
797 900 984 971 triumphalia
1006 900 1033 957 ei
1055 917 1121 958 cum
1141 904 1254 975 specio«

138 999 251 1057 sissima
271 997 484 1072 inscriptione²)
506 997 624 1054 decreta
645 1001 712 1055 sunt
733 997 820 1071 (Vell.
843 997 883 1070 H,
907 999 987 1074 104).
1030 1000 1132 1072 ltaque
1158 1001 1254 1072 priore

135 1096 236 1153 enuit
252 1112 279 1167 p.
296 1093 362 1154 Chr.
384 1098 467 1167 parte
482 1093 635 1164 Vinicium,
658 1095 855 1167 praepositum
866 1095 1048 1166 Germaniae,
1070 1097 1254 1171 triumphali-

136 1193 189 1251 bus
211 1196 343 1250 ornatum
364 1207 427 1250 esse
447 1191 686 1249 verisimillimum
708 1196 788 1264 puto.

217 1291 356 1348 Fortasse
377 1288 414 1346 ad
436 1304 500 1344 eum
521 1288 649 1360 pertinet
669 1289 774 1347 nullius
794 1291 931 1346 momenti
950 1289 1100 1362 inscriptio
1122 1307 1140 1348 a
1161 1291 1253 1347 muni-

136 1388 247 1460 cipibus
267 1386 396 1443 Puteolis
417 1384 514 1457 posita
534 1384 579 1458 (C.
602 1386 626 1443 Ι.
647 1385 683 1444 L.
705 1386 742 1452 X,
765 1386 866 1466 1818).

214 1483 280 1558 87.
326 1479 507 1540 Accedamus
538 1481 576 1538 ad
601 1481 639 1542 L.
669 1481 873 1540 Passienum
904 1480 1075 1559 Rufum³).
1109 1485 1253 1543 consulem

136 1597 163 1636 a.
177 1581 197 1638 4
212 1597 237 1638 a.
255 1579 325 1638 Chr.
366 1578 523 1637 Audiamus
536 1578 682 1638 Velleium
703 1578 754 1654 (ΙΙ,
778 1581 844 1651 116,
868 1579 912 1655 ‘1):
937 1580 1045 1638 celebri
1059 1581 1149 1638 etiam
1164 1598 1253 1653 opera

136 1677 321 1750 diligentique
341 1676 446 1736 Vibius
468 1678 621 1736 Postumus
642 1720 649 1733 .
672 1719 679 1734 .
704 1722 711 1736 .
734 1683 904 1735 ornamenta
929 1678 1116 1751 triumphalia
1139 1679 1252 1744 meruit.

135 1789 217 1845 quem
238 1775 376 1831 honorem
402 1778 469 1830 aute
495 1789 602 1846 paucos
628 1790 718 1832 annos
738 1773 892 1833 Passienus
917 1779 948 1832 et
968 1767 1074 1834 Oossus
1100 1775 1130 1833 in
1151 1775 1255 1833 Africa

136 1876 311 1928 meruerant.
334 1903 372 1914 -
395 1869 548 1929 Postumus
569 1876 665 1928 autem
687 1888 713 1928 a.
730 1873 789 1943 ep.
812 1866 917 1946 Ohr.⁴),
941 1871 1091 1930 Cornelius
1114 1872 1255 1930 Lentulus

138 1966 242 2024 Cossus
263 1985 289 2024 a.
312 1968 330 2025 6
351 1984 379 2039 p.
401 1963 497 2042 Chri)
519 1968 706 2040 triumphalia
727 1984 790 2025 cum
811 1968 985 2041 acceperint,
1012 1969 1164 2028 Passienus
1185 1975 1253 2026 ante

135 2079 162 2122 a.
186 2065 202 2121 6
224 2081 252 2136 p.
268 2062 338 2123 Chr.
360 2067 469 2136 etpost
489 2081 514 2122 a.
537 2066 556 2121 4
578 2081 604 2122 a.
619 2063 687 2124 Ohr.
709 2065 854 2137 acceperit
874 2080 991 2122 necesse
1005 2069 1050 2123 cst
1071 2096 1108 2107 -
1131 2066 1254 2125 fortasse

135 2175 159 2217 a.
184 2160 201 2218 5
224 2178 251 2233 p.
274 2158 352 2228 Chr,
374 2161 404 2219 id
425 2160 501 2231 quod
521 2161 604 2218 illud:
631 2169 716 2230 „ante
736 2177 843 2233 paucos
864 2166 970 2219 annos“
994 2162 1096 2220 suadet
1119 2164 1250 2219 -hano

135 2260 214 2314 certe
236 2257 272 2314 ob
294 2271 418 2328 causam,
441 2257 516 2328 quod
537 2274 585 2315 res
605 2273 658 2330 pro
679 2259 795 2316 consule
815 2259 847 2315 in
867 2253 993 2334 Anicai)
1015 2259 1088 2317 bene
1108 2262 1252 2331 gesserat.

134 2352 216 2410 Idem
236 2352 392 2412 Passienus
412 2370 470 2412 non
491 2354 576 2411 modo
598 2353 731 2412 bellicam
752 2355 889 2413 virtutem
909 2355 1064 2426 praestitit,
1091 2355 1140 2414 sed
1164 2356 1252 2413 etiam

139 2450 317 2510 orationibus
337 2451 490 2523 plurimum
511 2450 571 2508 illis
591 2437 768 2523 temporibus
787 2453 905 2511 valebat
926 2451 1039 2528 (Senec.
1063 2459 1191 2514 controv.
1212 2455 1251 2522 ΙΙ,

137 2550 183 2618 13,
209 2550 254 2617 17,
276 2553 405 2622 excerpt.
427 2554 520 2610 contr.
541 2549 596 2619 HI,
617 2567 660 2623 pr.
688 2552 732 2608 10.
758 2550 817 2626 14).

206 2804 227 2870 ¹)
247 2819 312 2857 uam
330 2802 452 2858 Velleius
465 2802 501 2872 II,
523 2805 581 2859 104.
600 2803 649 2860 ubi
668 2803 701 2859 de
720 2806 827 2860 aestate
845 2805 912 2860 anni
929 2808 947 2858 4
963 2821 993 2874 p.
1007 2803 1071 2859 Ghr.
1092 2804 1167 2873 dicit,
1185 2805 1250 2858 ante

133 2891 286 2946 triennium
304 2891 411 2946 bellum
428 2892 469 2947 ibi
488 2892 626 2947 exarsisse
645 2892 749 2948 scribit.
1088 2958 1095 2970 ·

206 2981 227 3048 ²)
248 2979 301 3033 hoc
323 2995 358 3033 ex
376 2978 466 3034 Vellei
485 2979 546 3035 loco
569 2995 664 3034 rerum
687 2982 830 3048 gestarum
848 2981 1065 3050 descriptionem
1087 2980 1123 3035 ad
1145 2981 1252 3034 statuas

135 3067 276 3122 laureatas
305 3066 428 3122 additam
457 3083 518 3122 esse
546 3068 607 3121 iure
639 3068 831 3126 concluserim.
878 3067 959 3135 Quod
985 3068 1059 3122 idem
1088 3067 1118 3122 in
1145 3069 1251 3122 statuas

110 3217 117 3230 ι
134 3155 318 3224 triumphales
336 3156 407 3210 vivis
421 3155 537 3211 ducibus
556 3155 663 3225 positas
681 3155 781 3211 cadere
794 3158 880 3224 negat
892 3156 1079 3228 Mommsenns
1094 3154 1135 3223 (G.
1149 3155 1170 3214 I.
1184 3155 1215 3212 L.
1228 3155 1251 3224 Ι,

135 3260 162 3312 p.
182 3245 254 3312 282).
293 3241 397 3298 Contra
418 3243 568 3299 Hiibnerus
594 3244 722 3311 (Hamas
740 3243 816 3314 XVI,
841 3246 908 3299 1881
931 3261 959 3313 p.
979 3245 1030 3300 528
1054 3260 1117 3299 cnm
1139 3244 1203 3303 adu.
1223 3247 1249 3314 b)

135 3331 298 3388 Suetonium
321 3331 404 3402 Vesp.
427 3335 453 3388 4.
479 3333 661 3403 inscriptione
683 3333 847 3404 triumphali
869 3333 921 3388 niti
947 3333 1060 3403 conicit,
1089 3333 1151 3388 vide
1179 3332 1251 3387 infra

40 3455 41 3458 η
133 3422 208 3489 part.
224 3418 262 3489 Π,
287 3436 309 3476 c.
328 3418 371 3475 IlI
389 3421 405 3489 §
424 3423 450 3492 2,
468 3424 493 3476 4.
530 3421 668 3492 Equidem
686 3421 738 3476 hac
761 3421 796 3476 dc
813 3437 843 3476 re
862 3437 977 3490 prorsus
1000 3421 1106 3476 incerta
1125 3420 1249 3477 iudicare

134 3525 190 3563 non
208 3509 306 3564 ausim.

205 3595 227 3666 ³)
247 3594 281 3652 ci.
300 3596 435 3666 Borghes.
455 3613 519 3668 opp.
540 3597 572 3667 V,
594 3599 740 3656 lbi—160.

204 3685 230 3756 ⁴)
247 3701 273 3740 v.
292 3683 365 3738 infra
383 3687 454 3755 part.
473 3685 509 3756 Π,
529 3702 553 3742 c.
572 3685 620 3755 15
643 3689 683 3764 10,
704 3690 728 3743 6.

206 3773 228 3840 5)
246 3792 272 3830 v.
291 3774 364 3829 inira
382 3777 453 3845 part.
472 3773 510 3846 II,
528 3792 551 3831 c.
572 3775 586 3830 I
604 3777 619 3846 ξ
638 3779 663 3832 9.
681 3793 709 3846 p.
729 3779 762 3831 22
783 3792 824 3847 sq.

205 3861 228 3934 θ)
247 3862 426 3919 intervallum
449 3867 556 3920 certum
584 3865 636 3921 hac
664 3867 756 3921 aetate
783 3881 839 3919 non
866 3863 919 3919 fuit
943 3863 1079 3932 (Momms.
1102 3880 1157 3920 res.
1180 3867 1250 3934 gest.

133 3967 161 4020 p.
191 3954 261 4018 170).
302 3951 380 4008 Idem
408 3952 456 4021 „L.
484 3952 632 4009 Passienus
660 3953 748 4009 Rufus
775 3954 927 4023 imperator
953 3952 1077 4008 Africam
1104 3953 1248 4008 obtinens“

133 4039 236 4108 legitur
253 4041 284 4095 in
301 4042 383 4097 titulo
401 4041 535 4098 Africano
554 4030 691 4114 (Momms.
710 4060 756 4099 res
776 4058 801 4112 g.
820 4059 846 4112 p.
869 4044 900 4097 18
921 4042 984 4098 adn.
1004 4044 1040 4112 Ι).
