2984 4852
546 359 890 461 ,-4⁰”

220 572 274 632 suh
293 573 426 645 Augusto
446 568 635 641 triumphalia
658 573 705 625 tot
723 568 795 626 uiris
815 567 853 625 oh
873 569 1011 624 virtutem
1030 567 1188 624 militarem
1207 583 1269 624 esse
1291 565 1341 624 de-

220 676 315 729 creta:
348 669 479 726 Ceterum
504 669 665 741 scriptores
688 667 763 724 nihil
788 667 920 738 tradunt,
947 666 1022 724 unde
1043 666 1142 738 colligi
1161 667 1253 738 possit
1271 666 1339 723 huic

219 768 264 825 illi
283 767 401 824 decreta
414 781 449 823 ea
469 781 532 822 esse
552 773 671 821 auctore
691 764 876 836 imperatore.
916 759 979 820 Nec
999 768 1097 820 tamen
1116 779 1153 819 ex
1167 763 1340 835 scrIptornm

219 865 335 922 silentio
364 864 466 921 statim
495 861 640 932 sequitur,
672 866 706 918 ut
735 861 781 918 illi
802 861 991 933 -exceptis
1020 876 1072 918 sex
1102 860 1168 917 istis
1187 892 1227 902 -
1252 858 1341 917 decus

220 966 338 1020 auctore
357 962 536 1032 imperatore
556 976 613 1017 non
634 958 835 1032 acceperint.)

675 1155 888 1164 .—

698 1371 787 1474 Cap.
812 1369 862 1452 IL
922 1492 927 1500 =

221 1555 275 1626 De
303 1554 537 1628 ornamentis
564 1553 856 1644 triumphalibus
888 1553 959 1624 sub
988 1552 1138 1624 Tiberio
1166 1550 1339 1630 decretis,

298 1727 315 1801 ξ
338 1731 363 1784 l.
405 1727 441 1784 A.
466 1728 503 1784 15
525 1727 644 1785 decreta
664 1732 733 1784 sunt
752 1723 939 1796 triumphalia
959 1725 1087 1796 insignia
1098 1723 1138 1782 A.
1154 1724 1338 1794 Caecinae,

218 1824 369 1898 praefecto
391 1823 483 1894 copiis
503 1822 678 1880 Germaniae
703 1821 861 1894 inferioris,
887 1822 921 1878 L.
943 1819 1118 1894 Apronio,
1145 1823 1242 1902 legato
1263 1821 1338 1880 Cer-

219 1921 332 1993 manici‚
365 1920 397 1979 C.
419 1919 524 1990 Silio,
556 1921 706 1993 praefecto
732 1919 822 1993 copiis
843 1919 1016 1978 Germaniae
1042 1921 1208 1992 superioris,
1235 1920 1272 1976 oh
1292 1935 1339 1976 res
1448 1987 1453 1995 Ι

219 2035 283 2077 cum
315 2017 488 2077 Germanico
520 2023 616 2090 gestas
648 2017 732 2092 (Tac.
764 2034 829 2076 ann.
855 2018 879 2086 Ι,
905 2018 951 2075 72.
984 2018 1034 2086 IV,
1063 2016 1122 2092 18).
1163 2015 1338 2074 Germanico

220 2117 317 2188 paullo
349 2122 417 2174 ante
447 2115 548 2174 eodem
579 2132 653 2172 anno
684 2115 847 2186 triumphus
877 2115 914 2172 de
937 2113 1093 2174 Germanis
1118 2115 1251 2172 decretus
1276 2118 1339 2170 erat

218 2212 269 2288 (ib.
291 2213 317 2285 I,
339 2213 403 2289 55).

303 2312 331 2371 1.
370 2308 410 2367 A
433 2309 587 2368 Caecina
607 2310 772 2382 Severus,
799 2313 898 2370 consul
919 2312 982 2371 suff.
1004 2329 1030 2370 a.
1052 2313 1071 2370 9
1093 2329 1118 2370 a
1140 2311 1245 2386 Chr.²),
1271 2329 1297 2369 a
1320 2314 1339 2370 6

220 2422 249 2478 p.
265 2405 332 2463 Chr.
353 2408 468 2478 legatus
481 2405 558 2480 Aug.
580 2426 623 2481 pr.
646 2426 690 2481 pr.
705 2409 833 2467 Moesiae
848 2426 864 2466 e
877 2411 1027 2482 provincia
1041 2427 1094 2468 sua
1106 2408 1224 2468 Tiberio
1239 2415 1340 2467 contra

219 2502 334 2576 Illyrios
365 2505 505 2562 auxilium
528 2505 588 2563 fert
608 2507 785 2577 Breucisque
809 2508 846 2584 ad
868 2508 1001 2566 Dravum
1027 2505 1132 2565 flumen
1157 2506 1243 2564 victis
1262 2506 1340 2564 redit

218 2599 308 2673 (vell.
329 2601 370 2674 H,
395 2605 461 2674 112,
483 2605 512 2670 4,
533 2603 591 2661 Dio
605 2603 668 2672 LV,
691 2605 738 2662 29.
762 2604 822 2679 30).
864 2604 1039 2664 Germaniae
1060 2603 1192 2663 inferiori
1210 2604 1339 2676 praefuit

217 2696 284 2756 iude
310 2700 346 2757 ab
371 2715 445 2758 anno
470 2701 506 2758 14
528 2699 612 2772 (Tac.
634 2717 700 2758 ann.
722 2701 747 2768 Ι,
781 2700 833 2776 31)
864 2702 901 2759 ad
933 2719 1039 2760 annum
1074 2703 1118 2774 16,
1150 2707 1184 2759 ut
1213 2693 1339 2759 videtur.

215 2792 255 2853 A.
285 2797 320 2854 15
353 2797 623 2870 „quadragesimum
652 2798 683 2855 id
714 2799 887 2870 stipendium
917 2800 1038 2872 parendi
1074 2804 1127 2856 aut
1156 2798 1340 2871 imperitandi

215 2892 359 2950 habebat“
377 2892 461 2967 (Tac.
476 2911 541 2951 ann.
557 2895 581 2961 I,
598 2894 649 2970 84)
663 2927 701 2936 -
716 2900 802 2953 natus
815 2896 906 2967 igitur
919 2902 966 2955 est
987 2913 1062 2955 anno
1084 2895 1145 2954 fere
1165 2897 1204 2953 42
1226 2913 1252 2954 a.
1268 2889 1336 2954 Chr.

217 3021 253 3031 -
276 3007 302 3047 a.
327 2991 363 3048 16
395 2991 425 3047 in
446 2989 605 3050 Germania
630 3009 694 3050 cnm
714 2993 785 3050 Silio
812 2997 841 3050 et
863 2989 1022 3069 Apronio³)
1044 2993 1230 3053 fabricandae
1251 2993 1338 3051 classi

215 3088 405 3158 praeponitur
426 3087 479 3163 (ib.
500 3087 542 3155 H,
565 3088 605 3163 6),
634 3105 662 3147 a.
687 3091 722 3147 17
748 3090 817 3160 quin
838 3106 902 3146 curn
924 3089 1095 3150 Germanico
1117 3091 1153 3148 de
1173 3089 1336 3160 Cheruscis,

216 3180 340 3250 Chattis,
362 3182 550 3256 Angrivariis
570 3201 700 3257 quaeque
720 3186 795 3243 aliae
816 3187 949 3243 nationes
969 3202 1058 3257 usque
1073 3187 1111 3244 ad
1125 3185 1225 3244 Albim
1239 3188 1337 3245 colunt

216 3296 241 3336 a.
265 3281 292 3339 d.
318 3280 378 3339 VII
398 3282 434 3338 K.
461 3282 528 3341 Jun.
549 3281 739 3352 triumphanti
760 3281 843 3354 (Tac.
871 3299 938 3339 ann.
959 3283 997 3353 ΙΙ,
1030 3284 1081 3342 41.
1122 3284 1201 3342 Suet.
1222 3283 1286 3342 Cal.
1310 3286 1351 3362 1,Ι

215 3376 424 3458 Oros.V11,4.
447 3377 559 3435 Eckhel
579 3378 642 3436 DN.
658 3377 712 3444 VI,
734 3379 802 3445 209,
825 3377 937 3437 Cohen:
967 3379 1119 3439 medailles
1139 3382 1304 3454 imperiales
1321 3381 1337 3439 I

216 3471 325 3548 (1880)
347 3490 374 3544 p.
392 3475 457 3544 225,
482 3473 515 3548 7)
529 3473 653 3531 Romam
666 3474 812 3545 ingressus
826 3476 865 3534 sit
885 3493 941 3534 non
962 3477 1070 3536 dubito.
1111 3477 1151 3536 A.
1168 3480 1207 3537 20
1228 3478 1331 3537 Pisone

214 3575 328 3627 mortuo
349 3570 460 3629 Ultioni
480 3586 560 3628 aram
582 3571 765 3629 statuendam
786 3574 899 3630 censuit
919 3574 998 3647 (Tac.
1015 3591 1079 3632 ann.
1101 3575 1160 3643 ΙΠ,
1186 3575 1237 3650 18)
1259 3576 1335 3634 eius-

286 3788 307 3856 1)
326 3786 389 3842 vide
410 3804 496 3857 supra
513 3791 578 3858 part
594 3788 617 3859 I,
637 3805 659 3848 c.
678 3789 710 3846 V.
729 3806 757 3859 p.
779 3794 819 3849 11.

286 3875 307 3944 ⁹)
327 3874 496 3944 Borghesius
516 3877 591 3946 (opp.
603 3876 651 3947 IV,
669 3880 733 3947 461)
747 3878 808 3934 loco
820 3878 927 3950 Digest.
941 3880 963 3951 Ι,
978 3884 1019 3951 13,
1035 3886 1059 3952 1,
1071 3884 1102 3938 2ε
1122 3881 1241 3938 Caecina
1259 3887 1333 3953 ipro:

216 3963 348 4034 Porcina)
367 3963 516 4034 legendum
534 3966 639 4021 statuit.
660 3965 693 4022 cf.
712 3967 866 4023 Mommsen
888 3970 923 4026 ad
940 3969 1004 4039 Dig.
1023 3970 1041 4029 1.
1060 3970 1078 4026 l.
1340 3968 1341 3971 ’

285 4051 307 4121 ³)
326 4053 367 4107 sic
390 4069 425 4107 ex
443 4051 596 4124 Nipperdei
620 4057 697 4110 certa
719 4057 879 4111 coniectura
900 4074 951 4128 pro
970 4059 1090 4129 ,Anteio‘
1112 4058 1262 4128 legendum
1281 4062 1333 4116 est
