2984 4852
681 405 903 468 ..74-

233 633 268 675 ac
292 617 425 688 reliquit,
458 617 609 689 scrupulus
640 616 770 674 residere
802 618 908 688 posset.
951 613 1007 672 Sed
1028 628 1163 685 expresso
1183 613 1373 672 testimonio'

235 715 384 772 destitutis
406 714 642 784 acquiescendum
663 712 745 771 nobis
766 712 822 770 erit
842 712 872 769 in
892 727 966 769 anno
988 711 1036 768 84.
1077 708 1239 781 Agricolae
1258 710 1351 782 igitur

236 813 336 883 legato
357 812 433 882 Aug.
455 827 498 882 pr.
520 827 565 882 pr.
590 808 647 868 fine
673 809 741 868 anni
762 810 801 867 84
826 813 946 880 propter
971 807 1112 865 diutinum
1135 807 1244 865 bellum
1268 807 1350 864 nobi-

234 909 346 966 lissima
362 924 464 979 ,pugna
478 907 640 965 coniectum
654 910 773 965 auctore
787 907 963 979 imperatore
978 909 1148 963 ornamenta
1161 901 1350 977 triumphalia

239 1022 257 1063 a
277 1011 379 1063 senatu
401 1004 518 1062 decreta
538 1007 613 1061 sunt.
1160 1023 1164 1028 ·

188 1107 191 1114 ⁴
314 1102 436 1159 Euhoe
456 1117 512 1158 uno
535 1102 665 1172 exemplo
687 1100 723 1158 de
742 1099 857 1158 ratione
878 1101 909 1156 iu
931 1099 1105 1157 ornamentis
1125 1097 1350 1170 triumphalibus

236 1199 422 1257 decernendis
443 1198 604 1256 Domitiani
624 1202 722 1255 aetate
743 1197 888 1269 adhibita,
916 1197 940 1255 si
962 1197 1024 1268 quis
1043 1201 1162 1269 praeter
1182 1195 1350 1267 Agricolam

236 1297 358 1369 accepit,
379 1294 516 1353 indicium
537 1293 614 1352 ferre
636 1293 744 1351 dubito.

316 1390 381 1466 §2
424 1389 483 1448 Sub
504 1390 672 1448 Domitiano
698 1389 905 1448 Vestricius
932 1387 1110 1461 Spurinna
1134 1405 1246 1461 qnoque
1268 1404 1351 1446 orna·

234 1493 334 1546 menta
364 1487 480 1546 videtur
510 1487 670 1559 accepisse,
702 1486 780 1545 haud
807 1487 893 1545 dubie
914 1485 1040 1559 accepit,
1072 1491 1230 1556 antequam
1255 1489 1353 1544 statua

235 1586 404 1658 triumphali
424 1586 582 1644 honoratus
603 1583 685 1659 est.¹)

316 1683 440 1757 Scripsit
471 1683 507 1740 ad
528 1699 592 1740 eum
617 1682 730 1739 Plinius
756 1681 894 1752 epistolas
920 1680 990 1755 (ΙΙΙ,
1023 1682 1066 1740 10.
1087 1680 1123 1750 V,
1148 1680 1206 1755 17).
1249 1680 1289 1740 Α.
1312 1681 1349 1739 69

240 1782 299 1839 dux
312 1780 435 1839 Othonis
456 1781 566 1851 legatus
586 1778 716 1850 legionis,
737 1781 770 1833 ut
783 1777 906 1849 videtur,
929 1777 1066 1836 adversus
1079 1776 1254 1837 Vitellianos
1270 1777 1353 1852 (Tac.

233 1880 300 1936 hist.
323 1878 362 1948 H,
386 1879 431 1935 11.
455 1877 500 1933 ie.
523 1877 569 1950 23.
594 1875 641 1936 36.
662 1875 740 1934 Plut.
762 1875 827 1933 Oth.
851 1876 877 1932 6.
901 1875 927 1933 6.
951 1876 981 1946 Ι)
1002 1875 1071 1943 fnit,
1105 1875 1205 1933 consul
1239 1874 1284 1931 bis
1305 1875 1353 1931 vel

236 1973 323 2049 ter²),
355 1975 465 2032 Romae
495 1976 626 2030 moratur
656 1989 731 2030 anno
757 1972 795 2030 96
827 1976 949 2031 exeunte
975 1972 1063 2046 (Plin.
1085 1988 1128 2048 ep..
1149 1971 1174 2039 Ι,
1197 1973 1224 2041 5,
1245 1971 1353 2046 8-9).

106 2057 109 2064 ’
164 2084 168 2090 ’
236 2073 277 2130 Hi
289 2074 390 2143 legato
405 2070 588 2143 imperatoris
598 2069 715 2127 Nervae
731 2069 902 2127 Germaniae
916 2069 1073 2136 inferioris,
1089 2068 1165 2140 qnod
1178 2068 1351 2126 Bructerum

235 2186 334 2242 regem
359 2169 389 2228 vl
410 2173 441 2226 et
461 2167 549 2225 armis
570 2165 684 2223 induxit
705 2166 736 2222 in
756 2183 890 2237 regnum,
917 2173 1035 2224 anctore
1059 2167 1191 2238 principe
1213 2182 1231 2222 a
1251 2169 1353 2223 senatu

237 2270 337 2324 statua
367 2265 553 2337 triumphalis
583 2264 749 2321 decernitur
769 2280 796 2322 a.
819 2265 871 2333 97,
904 2265 929 2322 si
954 2264 1070 2334 quidem
1091 2264 1241 2336 epistolam
1261 2261 1352 2318 Plinii

237 2364 278 2436 H,
296 2366 313 2422 7
336 2361 387 2437 (ci.
410 2362 465 2429 ΙΙΙ,
483 2361 535 2436 16)
557 2377 581 2418 a.
600 2361 637 2418 97
659 2361 711 2418 sub
725 2361 825 2420 Nerva
844 2377 937 2432 neque
952 2361 1003 2419 snb
1018 2359 1146 2418 Traiano
1160 2360 1355 2432 conscriptam

238 2477 299 2519 csse
319 2455 544 2533 Mommsenns³)
564 2457 636 2531 (ind.
652 2457 727 2516 Plin.
749 2474 778 2529 p.
793 2459 860 2530 429,
883 2459 1004 2516 Hermes
1025 2458 1078 2528 ΙΙΙ,
1102 2474 1129 2530 p.
1146 2457 1183 2515 39
1199 2455 1272 2531 sqq.)
1288 2455 1354 2514 coll.

237 2557 307 2614 Pac.
329 2556 427 2616 Germ.
450 2573 473 2613 c.
498 2557 535 2613 33
561 2559 640 2612 recte
664 2555 770 2613 docuit.
811 2554 920 2612 Filium
945 2555 1054 2613 amittit
1081 2554 1167 2629 (Plin.
1191 2570 1238 2626 ep.
1259 2553 1298 2623 H,
1326 2554 1354 2622 7,

239 2650 265 2720 3,
286 2649 314 2718 4,
338 2649 364 2706 6.
386 2648 441 2716 ΠΙ,
459 2649 519 2724 10).
551 2652 646 2710 Senex
666 2652 852 2724 septuaginta
872 2669 924 2710 sex
938 2668 1078 2710 annorum
1092 2651 1199 2709 dicitur
1219 2652 1249 2708 in
1262 2649 1354 2708 Plinii

238 2745 363 2818 epistola
383 2745 439 2812 ΙΙΙ,
466 2748 490 2816 l,
516 2748 561 2807 10.
595 2746 732 2806 Carmina
746 2748 906 2821 Spurinnae
928 2752 957 2806 et
977 2749 1073 2806 studia
1094 2751 1354 2806 commemorantur

240 2842 359 2912 eiusque
380 2842 495 2914 negotia
517 2844 683 2913 quotidiana
704 2845 885 2917 explicantur
905 2845 982 2918 apud
995 2843 1120 2902 Plinium
1135 2845 1193 2919 (ep.
1208 2843 1262 2913 HI,
1279 2846 1305 2915 1,
1322 2845 1351 2901 7.

239 2937 293 3008 IV,
310 2938 356 2995 27.
378 2937 415 3010 V,
434 2938 493 3014 17).
526 2940 605 3011 Quae
619 2940 750 3000 seruntur
765 2942 836 3011 eius,
855 2943 954 3013 spuria
974 2946 1040 2999 sunt
1055 2939 1106 3015 (cf.
1122 2941 1218 3000 Riese:
1242 2939 1356 2999 anthol.

241 3034 293 3092 lat.
315 3034 353 3107 H,
377 3052 406 3107 p.
427 3037 486 3095 336
507 3053 568 3109 sqq.
590 3036 716 3096 Teuffel:
738 3038 827 3111 Littg.
850 3038 866 3114 §
887 3039 955 3118 323,
977 3037 1019 3112 5).

313 3290 333 3357 ¹)
353 3289 415 3344 vide
435 3305 520 3360 snpra
536 3292 609 3360 part.
628 3288 651 3360 I,
670 3305 692 3345 c.
712 3289 758 3346 IV.

310 3377 332 3447 1)
352 3393 376 3433 a.
398 3381 449 3433 100
467 3375 636 3447 Spurinnam
653 3378 841 3433 Mommsenus
861 3378 989 3447 (Hermes
1006 3377 1057 3450 111,
1075 3395 1102 3449 p.
1121 3380 1178 3450 40),
1202 3378 1356 3435 Corellium

241 3464 344 3520 Rufum
362 3465 520 3522 Asbachins
540 3467 603 3536 (Rh.
616 3466 685 3523 Mus.
697 3466 820 3538 XXXVI,
838 3484 865 3538 p.
883 3469 931 3537 43)
950 3468 1094 3523 consulem
1104 3467 1146 3522 111
1164 3466 1251 3523 fuisse
1269 3466 1354 3522 Plinii

239 3553 301 3609 loco
320 3553 434 3624 (Paneg.
453 3557 499 3625 61)
519 3554 667 3614 concludit.
888 3565 889 3568 ’

313 3641 335 3712 ³)
355 3640 388 3698 oi.
403 3641 524 3698 Gemoll:
544 3644 578 3699 de
596 3647 756 3713 temporum
773 3643 923 3698 rationein
935 3642 1019 3698 Plinii
1031 3644 1215 3714 epistularum
1227 3643 1266 3699 IX
1277 3643 1358 3699 libris

241 3729 391 3785 observata
410 3730 500 3798 (Halis
521 3733 609 3800 1872).
631 3748 658 3801 p.
680 3733 721 3786 12.
