<?xml version="1.0" encoding="UTF-8"?>
<!DOCTYPE html PUBLIC "-//W3C//DTD XHTML 1.0 Transitional//EN"
    "http://www.w3.org/TR/xhtml1/DTD/xhtml1-transitional.dtd">
<html xmlns="http://www.w3.org/1999/xhtml" xml:lang="en" lang="en">
 <head>
  <title>
</title>
<meta http-equiv="Content-Type" content="text/html;charset=utf-8" />
  <meta name='ocr-system' content='tesseract 3.04.00' />
  <meta name='ocr-capabilities' content='ocr_page ocr_carea ocr_par ocr_line ocrx_word'/>
</head>
<body>
  <div class='ocr_page' id='page_1' title='image "./deornamentistri00peingoog_0017.png"; bbox 0 0 2984 4852; ppageno 0'>
   <div class='ocr_carea' id='block_1_1' title="bbox 683 384 946 471">
    <p class='ocr_par' dir='ltr' id='par_1_1' title="bbox 683 384 946 471">
     <span class='ocr_line' id='line_1_1' title="bbox 683 384 946 471; baseline 0 -40"><span class='ocrx_word' id='word_1_1' title='bbox 683 384 946 471; x_wconf 32' lang='grc'><strong>,8-1-</strong></span> 
     </span>
    </p>
   </div>
   <div class='ocr_carea' id='block_1_2' title="bbox 223 595 1343 868">
    <p class='ocr_par' dir='ltr' id='par_1_2' title="bbox 223 595 1343 868">
     <span class='ocr_line' id='line_1_2' title="bbox 223 595 1343 670; baseline 0.003 -18"><span class='ocrx_word' id='word_1_2' title='bbox 223 595 445 668; x_wconf 80' lang='lat' dir='ltr'>triumphalibus</span> <span class='ocrx_word' id='word_1_3' title='bbox 466 597 600 656; x_wconf 87' lang='lat' dir='ltr'><strong>honorati</strong></span> <span class='ocrx_word' id='word_1_4' title='bbox 619 603 695 669; x_wconf 91' lang='lat' dir='ltr'><strong>sunt,</strong></span> <span class='ocrx_word' id='word_1_5' title='bbox 716 604 842 656; x_wconf 88' lang='lat' dir='ltr'><strong>statuam</strong></span> <span class='ocrx_word' id='word_1_6' title='bbox 863 614 981 656; x_wconf 81' lang='lat' dir='ltr'><strong>aeneam</strong></span> <span class='ocrx_word' id='word_1_7' title='bbox 1001 598 1031 655; x_wconf 91' lang='lat' dir='ltr'><strong>in</strong></span> <span class='ocrx_word' id='word_1_8' title='bbox 1052 597 1117 656; x_wconf 86' lang='lat' dir='ltr'><strong>foro</strong></span> <span class='ocrx_word' id='word_1_9' title='bbox 1137 597 1263 670; x_wconf 82' lang='lat' dir='ltr'>Augusti</span> <span class='ocrx_word' id='word_1_10' title='bbox 1283 598 1343 655; x_wconf 89' lang='lat' dir='ltr'><strong>sint</strong></span> 
     </span>
     <span class='ocr_line' id='line_1_3' title="bbox 223 692 1342 786; baseline 0.002 -36"><span class='ocrx_word' id='word_1_11' title='bbox 223 692 361 764; x_wconf 80' lang='lat' dir='ltr'>adsecuti,</span> <span class='ocrx_word' id='word_1_12' title='bbox 385 699 531 763; x_wconf 84' lang='lat' dir='ltr'><strong>„statuam</strong></span> <span class='ocrx_word' id='word_1_13' title='bbox 544 696 705 754; x_wconf 87' lang='lat' dir='ltr'><strong>laureatam</strong></span> <span class='ocrx_word' id='word_1_14' title='bbox 718 696 749 754; x_wconf 94' lang='lat' dir='ltr'><strong>in</strong></span> <span class='ocrx_word' id='word_1_15' title='bbox 768 697 868 786; x_wconf 74' lang='lat' dir='ltr'><strong>mbe“‚</strong></span> <span class='ocrx_word' id='word_1_16' title='bbox 889 694 1009 754; x_wconf 89' lang='lat' dir='ltr'><strong>eandem</strong></span> <span class='ocrx_word' id='word_1_17' title='bbox 1030 711 1093 753; x_wconf 91' lang='lat' dir='ltr'><strong>esse</strong></span> <span class='ocrx_word' id='word_1_18' title='bbox 1114 693 1241 754; x_wconf 75' lang='lat' dir='ltr'><strong>arbitror</strong></span> <span class='ocrx_word' id='word_1_19' title='bbox 1254 699 1342 765; x_wconf 86' lang='lat' dir='ltr'><strong>atque</strong></span> 
     </span>
     <span class='ocr_line' id='line_1_4' title="bbox 227 790 1341 868; baseline 0.002 -22"><span class='ocrx_word' id='word_1_20' title='bbox 227 805 362 858; x_wconf 83' lang='lat' dir='ltr'><strong>„aeneam</strong></span> <span class='ocrx_word' id='word_1_21' title='bbox 382 791 412 849; x_wconf 89' lang='lat' dir='ltr'><strong>in</strong></span> <span class='ocrx_word' id='word_1_22' title='bbox 433 790 495 850; x_wconf 85' lang='lat' dir='ltr'><strong>foro</strong></span> <span class='ocrx_word' id='word_1_23' title='bbox 517 793 666 866; x_wconf 82' lang='lat' dir='ltr'><strong>Augusti“.</strong></span> <span class='ocrx_word' id='word_1_24' title='bbox 708 793 803 864; x_wconf 82' lang='lat' dir='ltr'><strong>Quare</strong></span> <span class='ocrx_word' id='word_1_25' title='bbox 824 791 920 850; x_wconf 81' lang='lat' dir='ltr'><strong>Taciti</strong></span> <span class='ocrx_word' id='word_1_26' title='bbox 940 793 1002 850; x_wconf 93' lang='lat' dir='ltr'><strong>loco</strong></span> <span class='ocrx_word' id='word_1_27' title='bbox 1024 790 1111 868; x_wconf 89' lang='lat' dir='ltr'><strong>(Agr.</strong></span> <span class='ocrx_word' id='word_1_28' title='bbox 1127 791 1193 866; x_wconf 82' lang='lat'>40):</span> <span class='ocrx_word' id='word_1_29' title='bbox 1218 792 1341 860; x_wconf 87' lang='lat' dir='ltr'><strong>„trium-</strong></span> 
     </span>
    </p>
   </div>
   <div class='ocr_carea' id='block_1_3' title="bbox 222 861 1459 961">
    <p class='ocr_par' dir='ltr' id='par_1_3' title="bbox 222 861 1459 961">
     <span class='ocr_line' id='line_1_5' title="bbox 222 861 1459 961; baseline 0.003 -18"><span class='ocrx_word' id='word_1_30' title='bbox 222 886 323 958; x_wconf 83' lang='lat' dir='ltr'><strong>phalia</strong></span> <span class='ocrx_word' id='word_1_31' title='bbox 350 895 517 947; x_wconf 88' lang='lat' dir='ltr'><strong>ornamenta</strong></span> <span class='ocrx_word' id='word_1_32' title='bbox 548 894 578 948; x_wconf 92' lang='lat' dir='ltr'><strong>et</strong></span> <span class='ocrx_word' id='word_1_33' title='bbox 607 889 728 948; x_wconf 84' lang='lat' dir='ltr'><strong>illustris</strong></span> <span class='ocrx_word' id='word_1_34' title='bbox 754 895 868 948; x_wconf 77' lang='lat' dir='ltr'><strong>statuae</strong></span> <span class='ocrx_word' id='word_1_35' title='bbox 893 889 1033 948; x_wconf 90' lang='lat' dir='ltr'><strong>honorem</strong></span> <span class='ocrx_word' id='word_1_36' title='bbox 1061 893 1091 946; x_wconf 88' lang='lat' dir='ltr'><strong>et</strong></span> <span class='ocrx_word' id='word_1_37' title='bbox 1121 888 1261 960; x_wconf 87' lang='lat' dir='ltr'><strong>quidquid</strong></span> <span class='ocrx_word' id='word_1_38' title='bbox 1287 905 1341 961; x_wconf 93' lang='lat' dir='ltr'><strong>pro</strong></span> <span class='ocrx_word' id='word_1_39' title='bbox 1454 861 1459 870; x_wconf 37' lang='lat'>⁸</span> 
     </span>
    </p>
   </div>
   <div class='ocr_carea' id='block_1_4' title="bbox 219 982 1342 3488">
    <p class='ocr_par' dir='ltr' id='par_1_4' title="bbox 219 982 1342 2323">
     <span class='ocr_line' id='line_1_6' title="bbox 222 982 1335 1056; baseline 0.003 -17"><span class='ocrx_word' id='word_1_40' title='bbox 222 982 367 1056; x_wconf 88' lang='lat' dir='ltr'><strong>triumpho</strong></span> <span class='ocrx_word' id='word_1_41' title='bbox 386 984 472 1043; x_wconf 88' lang='lat' dir='ltr'><strong>datur</strong></span> <span class='ocrx_word' id='word_1_42' title='bbox 485 987 576 1044; x_wconf 91' lang='lat' dir='ltr'><strong>multo</strong></span> <span class='ocrx_word' id='word_1_43' title='bbox 590 986 741 1045; x_wconf 86' lang='lat' dir='ltr'><strong>verborum</strong></span> <span class='ocrx_word' id='word_1_44' title='bbox 754 986 862 1045; x_wconf 93' lang='lat' dir='ltr'><strong>bonore</strong></span> <span class='ocrx_word' id='word_1_45' title='bbox 877 986 1023 1044; x_wconf 87' lang='lat' dir='ltr'><strong>cumulata</strong></span> <span class='ocrx_word' id='word_1_46' title='bbox 1037 985 1154 1044; x_wconf 92' lang='lat' dir='ltr'><strong>decerni</strong></span> <span class='ocrx_word' id='word_1_47' title='bbox 1167 987 1200 1044; x_wconf 93' lang='lat' dir='ltr'><strong>in</strong></span> <span class='ocrx_word' id='word_1_48' title='bbox 1213 991 1335 1044; x_wconf 85' lang='lat' dir='ltr'><strong>senatu“</strong></span> 
     </span>
     <span class='ocr_line' id='line_1_7' title="bbox 224 1080 1341 1158; baseline 0.002 -21"><span class='ocrx_word' id='word_1_49' title='bbox 224 1080 275 1155; x_wconf 91' lang='lat' dir='ltr'><strong>(sc.</strong></span> <span class='ocrx_word' id='word_1_50' title='bbox 297 1080 450 1153; x_wconf 76' lang='lat' dir='ltr'><strong>Agricolae</strong></span> <span class='ocrx_word' id='word_1_51' title='bbox 471 1082 668 1158; x_wconf 86' lang='lat' dir='ltr'><strong>Domitianus)</strong></span> <span class='ocrx_word' id='word_1_52' title='bbox 690 1083 806 1153; x_wconf 81' lang='lat' dir='ltr'><strong>„iubet“</strong></span> <span class='ocrx_word' id='word_1_53' title='bbox 830 1088 955 1141; x_wconf 88' lang='lat' dir='ltr'><strong>statuam</strong></span> <span class='ocrx_word' id='word_1_54' title='bbox 974 1083 1117 1141; x_wconf 86' lang='lat' dir='ltr'><strong>illustrem</strong></span> <span class='ocrx_word' id='word_1_55' title='bbox 1137 1099 1196 1141; x_wconf 94' lang='lat' dir='ltr'><strong>non</strong></span> <span class='ocrx_word' id='word_1_56' title='bbox 1219 1098 1341 1140; x_wconf 89' lang='lat' dir='ltr'><strong>aeneam</strong></span> 
     </span>
     <span class='ocr_line' id='line_1_8' title="bbox 221 1176 1341 1254; baseline 0.003 -20"><span class='ocrx_word' id='word_1_57' title='bbox 221 1176 302 1234; x_wconf 89' lang='lat' dir='ltr'><strong>illam</strong></span> <span class='ocrx_word' id='word_1_58' title='bbox 331 1178 363 1236; x_wconf 92' lang='lat' dir='ltr'><strong>in</strong></span> <span class='ocrx_word' id='word_1_59' title='bbox 392 1177 455 1238; x_wconf 89' lang='lat' dir='ltr'><strong>loro</strong></span> <span class='ocrx_word' id='word_1_60' title='bbox 481 1181 618 1252; x_wconf 84' lang='lat' dir='ltr'><strong>Augusti,</strong></span> <span class='ocrx_word' id='word_1_61' title='bbox 651 1180 682 1238; x_wconf 93' lang='lat' dir='ltr'><strong>id</strong></span> <span class='ocrx_word' id='word_1_62' title='bbox 707 1181 782 1252; x_wconf 88' lang='lat' dir='ltr'><strong>quod</strong></span> <span class='ocrx_word' id='word_1_63' title='bbox 807 1181 863 1238; x_wconf 94' lang='lat' dir='ltr'><strong>sibi</strong></span> <span class='ocrx_word' id='word_1_64' title='bbox 887 1180 1033 1254; x_wconf 88' lang='lat' dir='ltr'><strong>persuasit</strong></span> <span class='ocrx_word' id='word_1_65' title='bbox 1052 1178 1255 1254; x_wconf 86' lang='lat' dir='ltr'><strong>Urlichsius¹)‚</strong></span> <span class='ocrx_word' id='word_1_66' title='bbox 1289 1179 1341 1238; x_wconf 90' lang='lat' dir='ltr'><strong>sed</strong></span> 
     </span>
     <span class='ocr_line' id='line_1_9' title="bbox 221 1275 1341 1355; baseline 0 -23"><span class='ocrx_word' id='word_1_67' title='bbox 221 1276 351 1344; x_wconf 86' lang='lat' dir='ltr'><strong>quemvis</strong></span> <span class='ocrx_word' id='word_1_68' title='bbox 377 1277 465 1355; x_wconf 88' lang='lat' dir='ltr'><strong>aliam</strong></span> <span class='ocrx_word' id='word_1_69' title='bbox 491 1277 713 1349; x_wconf 87' lang='lat' dir='ltr'><strong>intellegendam</strong></span> <span class='ocrx_word' id='word_1_70' title='bbox 738 1293 801 1335; x_wconf 87' lang='lat' dir='ltr'><strong>csse</strong></span> <span class='ocrx_word' id='word_1_71' title='bbox 827 1277 958 1348; x_wconf 88' lang='lat' dir='ltr'><strong>equidem</strong></span> <span class='ocrx_word' id='word_1_72' title='bbox 985 1275 1164 1334; x_wconf 90' lang='lat' dir='ltr'><strong>crediderim.</strong></span> <span class='ocrx_word' id='word_1_73' title='bbox 1207 1277 1341 1348; x_wconf 84' lang='lat' dir='ltr'><strong>[temque</strong></span> 
     </span>
     <span class='ocr_line' id='line_1_10' title="bbox 222 1370 1341 1445; baseline 0 -17"><span class='ocrx_word' id='word_1_74' title='bbox 222 1375 320 1430; x_wconf 90' lang='lat' dir='ltr'><strong>statua</strong></span> <span class='ocrx_word' id='word_1_75' title='bbox 345 1372 478 1432; x_wconf 84' lang='lat' dir='ltr'><strong>Cornelio</strong></span> <span class='ocrx_word' id='word_1_76' title='bbox 503 1374 622 1432; x_wconf 88' lang='lat' dir='ltr'><strong>Palmae</strong></span> <span class='ocrx_word' id='word_1_77' title='bbox 648 1379 766 1432; x_wconf 90' lang='lat' dir='ltr'><strong>anctore</strong></span> <span class='ocrx_word' id='word_1_78' title='bbox 791 1373 917 1431; x_wconf 88' lang='lat' dir='ltr'><strong>Traiano</strong></span> <span class='ocrx_word' id='word_1_79' title='bbox 943 1373 973 1429; x_wconf 94' lang='lat' dir='ltr'><strong>in</strong></span> <span class='ocrx_word' id='word_1_80' title='bbox 1002 1370 1065 1430; x_wconf 88' lang='lat' dir='ltr'><strong>loro</strong></span> <span class='ocrx_word' id='word_1_81' title='bbox 1090 1373 1215 1444; x_wconf 84' lang='lat' dir='ltr'><strong>Augusti</strong></span> <span class='ocrx_word' id='word_1_82' title='bbox 1242 1372 1341 1445; x_wconf 89' lang='lat' dir='ltr'><strong>posita</strong></span> 
     </span>
     <span class='ocr_line' id='line_1_11' title="bbox 220 1465 1339 1545; baseline 0 -20"><span class='ocrx_word' id='word_1_83' title='bbox 220 1465 267 1542; x_wconf 81' lang='lat'><strong>(0.</strong></span> <span class='ocrx_word' id='word_1_84' title='bbox 289 1469 314 1528; x_wconf 93' lang='lat' dir='ltr'><strong>I.</strong></span> <span class='ocrx_word' id='word_1_85' title='bbox 335 1469 370 1528; x_wconf 89' lang='lat' dir='ltr'><strong>L.</strong></span> <span class='ocrx_word' id='word_1_86' title='bbox 393 1469 449 1543; x_wconf 88' lang='lat' dir='ltr'><strong>Vl,</strong></span> <span class='ocrx_word' id='word_1_87' title='bbox 477 1468 591 1545; x_wconf 79' lang='lat'>1386)²)</span> <span class='ocrx_word' id='word_1_88' title='bbox 613 1476 643 1528; x_wconf 91' lang='lat' dir='ltr'><strong>et</strong></span> <span class='ocrx_word' id='word_1_89' title='bbox 663 1475 773 1543; x_wconf 88' lang='lat' dir='ltr'><strong>statua,</strong></span> <span class='ocrx_word' id='word_1_90' title='bbox 800 1486 885 1542; x_wconf 88' lang='lat' dir='ltr'><strong>quam</strong></span> <span class='ocrx_word' id='word_1_91' title='bbox 909 1475 1041 1528; x_wconf 87' lang='lat' dir='ltr'><strong>senatum</strong></span> <span class='ocrx_word' id='word_1_92' title='bbox 1065 1475 1185 1528; x_wconf 90' lang='lat' dir='ltr'><strong>auctore</strong></span> <span class='ocrx_word' id='word_1_93' title='bbox 1211 1469 1339 1526; x_wconf 80' lang='lat' dir='ltr'><strong>Traiano</strong></span> 
     </span>
     <span class='ocr_line' id='line_1_12' title="bbox 221 1564 1340 1642; baseline 0 -20"><span class='ocrx_word' id='word_1_94' title='bbox 221 1564 334 1624; x_wconf 90' lang='lat' dir='ltr'><strong>Licinio</strong></span> <span class='ocrx_word' id='word_1_95' title='bbox 369 1565 461 1626; x_wconf 81' lang='lat' dir='ltr'><strong>Surae</strong></span> <span class='ocrx_word' id='word_1_96' title='bbox 496 1569 617 1642; x_wconf 87' lang='lat' dir='ltr'><strong>pecnnia</strong></span> <span class='ocrx_word' id='word_1_97' title='bbox 649 1568 765 1640; x_wconf 89' lang='lat' dir='ltr'><strong>publica</strong></span> <span class='ocrx_word' id='word_1_98' title='bbox 802 1567 964 1640; x_wconf 88' lang='lat' dir='ltr'><strong>ponendam</strong></span> <span class='ocrx_word' id='word_1_99' title='bbox 1005 1566 1149 1625; x_wconf 78' lang='lat' dir='ltr'><strong>censuisse</strong></span> <span class='ocrx_word' id='word_1_100' title='bbox 1189 1566 1340 1638; x_wconf 83' lang='lat' dir='ltr'><strong>inscriptio</strong></span> 
     </span>
     <span class='ocr_line' id='line_1_13' title="bbox 220 1660 1341 1740; baseline 0 -20"><span class='ocrx_word' id='word_1_101' title='bbox 220 1661 262 1736; x_wconf 82' lang='lat' dir='ltr'><strong>(C.</strong></span> <span class='ocrx_word' id='word_1_102' title='bbox 283 1663 310 1724; x_wconf 92' lang='lat' dir='ltr'><strong>I.</strong></span> <span class='ocrx_word' id='word_1_103' title='bbox 331 1663 365 1721; x_wconf 93' lang='lat' dir='ltr'><strong>L.</strong></span> <span class='ocrx_word' id='word_1_104' title='bbox 388 1663 443 1737; x_wconf 89' lang='lat' dir='ltr'><strong>VI,</strong></span> <span class='ocrx_word' id='word_1_105' title='bbox 475 1660 592 1740; x_wconf 77' lang='lat'><strong>1444)⁸)</strong></span> <span class='ocrx_word' id='word_1_106' title='bbox 623 1665 722 1734; x_wconf 91' lang='lat' dir='ltr'><strong>docet,</strong></span> <span class='ocrx_word' id='word_1_107' title='bbox 754 1665 790 1722; x_wconf 85' lang='lat' dir='ltr'><strong>ab</strong></span> <span class='ocrx_word' id='word_1_108' title='bbox 816 1664 915 1721; x_wconf 90' lang='lat' dir='ltr'><strong>aeneis</strong></span> <span class='ocrx_word' id='word_1_109' title='bbox 944 1663 1048 1721; x_wconf 87' lang='lat' dir='ltr'><strong>statuis</strong></span> <span class='ocrx_word' id='word_1_110' title='bbox 1072 1663 1102 1721; x_wconf 91' lang='lat' dir='ltr'><strong>iu</strong></span> <span class='ocrx_word' id='word_1_111' title='bbox 1127 1661 1189 1721; x_wconf 88' lang='lat' dir='ltr'><strong>foro</strong></span> <span class='ocrx_word' id='word_1_112' title='bbox 1209 1660 1341 1734; x_wconf 88' lang='lat' dir='ltr'><strong>Augusti</strong></span> 
     </span>
     <span class='ocr_line' id='line_1_14' title="bbox 220 1759 1339 1836; baseline -0.001 -19"><span class='ocrx_word' id='word_1_113' title='bbox 220 1759 292 1817; x_wconf 89' lang='lat' dir='ltr'><strong>viris</strong></span> <span class='ocrx_word' id='word_1_114' title='bbox 317 1761 541 1836; x_wconf 89' lang='lat' dir='ltr'><strong>triumphalibus</strong></span> <span class='ocrx_word' id='word_1_115' title='bbox 570 1761 674 1833; x_wconf 88' lang='lat' dir='ltr'><strong>positis</strong></span> <span class='ocrx_word' id='word_1_116' title='bbox 703 1761 921 1833; x_wconf 84' lang='lat' dir='ltr'><strong>distinguendae</strong></span> <span class='ocrx_word' id='word_1_117' title='bbox 946 1764 1027 1828; x_wconf 85' lang='lat' dir='ltr'><strong>sunt,</strong></span> <span class='ocrx_word' id='word_1_118' title='bbox 1059 1775 1132 1830; x_wconf 86' lang='lat' dir='ltr'><strong>quae</strong></span> <span class='ocrx_word' id='word_1_119' title='bbox 1163 1761 1189 1817; x_wconf 92' lang='lat' dir='ltr'><strong>si</strong></span> <span class='ocrx_word' id='word_1_120' title='bbox 1221 1760 1339 1818; x_wconf 88' lang='lat' dir='ltr'><strong>eaedem</strong></span> 
     </span>
     <span class='ocr_line' id='line_1_15' title="bbox 220 1855 1340 1931; baseline 0.002 -18"><span class='ocrx_word' id='word_1_121' title='bbox 220 1855 356 1928; x_wconf 88' lang='lat' dir='ltr'><strong>inissent,</strong></span> <span class='ocrx_word' id='word_1_122' title='bbox 388 1858 423 1916; x_wconf 93' lang='lat' dir='ltr'><strong>de</strong></span> <span class='ocrx_word' id='word_1_123' title='bbox 454 1858 521 1931; x_wconf 91' lang='lat' dir='ltr'><strong>ipsa</strong></span> <span class='ocrx_word' id='word_1_124' title='bbox 548 1864 646 1917; x_wconf 86' lang='lat' dir='ltr'><strong>statua</strong></span> <span class='ocrx_word' id='word_1_125' title='bbox 670 1859 821 1916; x_wconf 83' lang='lat' dir='ltr'><strong>tacendum</strong></span> <span class='ocrx_word' id='word_1_126' title='bbox 847 1863 920 1917; x_wconf 81' lang='lat' dir='ltr'><strong>erat,</strong></span> <span class='ocrx_word' id='word_1_127' title='bbox 964 1855 1069 1915; x_wconf 91' lang='lat' dir='ltr'><strong>Plures</strong></span> <span class='ocrx_word' id='word_1_128' title='bbox 1101 1861 1198 1915; x_wconf 86' lang='lat' dir='ltr'><strong>autem</strong></span> <span class='ocrx_word' id='word_1_129' title='bbox 1229 1861 1340 1915; x_wconf 87' lang='lat' dir='ltr'><strong>statues</strong></span> 
     </span>
     <span class='ocr_line' id='line_1_16' title="bbox 221 1953 1339 2027; baseline 0.001 -17"><span class='ocrx_word' id='word_1_130' title='bbox 221 1953 315 2011; x_wconf 92' lang='lat' dir='ltr'><strong>eidem</strong></span> <span class='ocrx_word' id='word_1_131' title='bbox 346 1955 456 2013; x_wconf 91' lang='lat' dir='ltr'><strong>homini</strong></span> <span class='ocrx_word' id='word_1_132' title='bbox 486 1961 602 2013; x_wconf 90' lang='lat' dir='ltr'><strong>senatus</strong></span> <span class='ocrx_word' id='word_1_133' title='bbox 633 1955 755 2014; x_wconf 85' lang='lat' dir='ltr'><strong>decretis</strong></span> <span class='ocrx_word' id='word_1_134' title='bbox 784 1955 894 2027; x_wconf 87' lang='lat' dir='ltr'><strong>positas</strong></span> <span class='ocrx_word' id='word_1_135' title='bbox 923 1970 986 2012; x_wconf 90' lang='lat' dir='ltr'><strong>esse</strong></span> <span class='ocrx_word' id='word_1_136' title='bbox 1016 1953 1088 2012; x_wconf 89' lang='lat' dir='ltr'><strong>satis</strong></span> <span class='ocrx_word' id='word_1_137' title='bbox 1119 1955 1211 2012; x_wconf 91' lang='lat' dir='ltr'><strong>multa</strong></span> <span class='ocrx_word' id='word_1_138' title='bbox 1233 1954 1339 2012; x_wconf 81' lang='lat' dir='ltr'><strong>&#39;docent</strong></span> 
     </span>
     <span class='ocr_line' id='line_1_17' title="bbox 222 2049 1342 2128; baseline 0.003 -21"><span class='ocrx_word' id='word_1_139' title='bbox 222 2051 362 2124; x_wconf 83' lang='lat' dir='ltr'><strong>exempla,</strong></span> <span class='ocrx_word' id='word_1_140' title='bbox 384 2053 429 2110; x_wconf 89' lang='lat' dir='ltr'><strong>uti</strong></span> <span class='ocrx_word' id='word_1_141' title='bbox 450 2053 550 2111; x_wconf 91' lang='lat' dir='ltr'><strong>titulus</strong></span> <span class='ocrx_word' id='word_1_142' title='bbox 569 2053 610 2112; x_wconf 89' lang='lat' dir='ltr'><strong>M.</strong></span> <span class='ocrx_word' id='word_1_143' title='bbox 623 2052 748 2112; x_wconf 88' lang='lat' dir='ltr'><strong>Bassaei</strong></span> <span class='ocrx_word' id='word_1_144' title='bbox 767 2051 833 2110; x_wconf 88' lang='lat' dir='ltr'><strong>Rufi</strong></span> <span class='ocrx_word' id='word_1_145' title='bbox 853 2049 899 2128; x_wconf 84' lang='lat' dir='ltr'><strong>(O.</strong></span> <span class='ocrx_word' id='word_1_146' title='bbox 917 2051 943 2112; x_wconf 95' lang='lat' dir='ltr'><strong>I.</strong></span> <span class='ocrx_word' id='word_1_147' title='bbox 962 2051 997 2110; x_wconf 89' lang='lat' dir='ltr'><strong>L.</strong></span> <span class='ocrx_word' id='word_1_148' title='bbox 1020 2050 1072 2120; x_wconf 86' lang='lat' dir='ltr'><strong>VI,</strong></span> <span class='ocrx_word' id='word_1_149' title='bbox 1095 2051 1195 2126; x_wconf 85' lang='lat'>1599),</span> <span class='ocrx_word' id='word_1_150' title='bbox 1216 2050 1342 2111; x_wconf 86' lang='lat' dir='ltr'><strong>Vitrasii</strong></span> 
     </span>
     <span class='ocr_line' id='line_1_18' title="bbox 219 2147 1339 2236; baseline 0.003 -31"><span class='ocrx_word' id='word_1_151' title='bbox 219 2147 360 2208; x_wconf 91' lang='lat' dir='ltr'><strong>Pollionis</strong></span> <span class='ocrx_word' id='word_1_152' title='bbox 381 2148 427 2224; x_wconf 80' lang='lat'><strong>(0.</strong></span> <span class='ocrx_word' id='word_1_153' title='bbox 447 2151 470 2210; x_wconf 94' lang='grc' dir='ltr'><strong>Ι.</strong></span> <span class='ocrx_word' id='word_1_154' title='bbox 489 2151 526 2211; x_wconf 89' lang='lat' dir='ltr'><strong>L.</strong></span> <span class='ocrx_word' id='word_1_155' title='bbox 541 2151 589 2221; x_wconf 90' lang='lat' dir='ltr'><strong>VI,</strong></span> <span class='ocrx_word' id='word_1_156' title='bbox 607 2151 706 2225; x_wconf 84' lang='lat'>1540),</span> <span class='ocrx_word' id='word_1_157' title='bbox 728 2149 864 2208; x_wconf 84' lang='lat' dir='ltr'><strong>Cocceius</strong></span> <span class='ocrx_word' id='word_1_158' title='bbox 877 2147 975 2209; x_wconf 85' lang='lat' dir='ltr'><strong>Nerva</strong></span> <span class='ocrx_word' id='word_1_159' title='bbox 988 2154 1018 2208; x_wconf 91' lang='lat' dir='ltr'><strong>et</strong></span> <span class='ocrx_word' id='word_1_160' title='bbox 1030 2147 1166 2208; x_wconf 77' lang='lat' dir='ltr'><strong>Solonius</strong></span> <span class='ocrx_word' id='word_1_161' title='bbox 1180 2149 1339 2236; x_wconf 81' lang='lat' dir='ltr'><strong>Tigellinus</strong></span> 
     </span>
     <span class='ocr_line' id='line_1_19' title="bbox 222 2243 564 2323; baseline 0.009 -21"><span class='ocrx_word' id='word_1_162' title='bbox 222 2243 305 2320; x_wconf 80' lang='lat' dir='ltr'><strong>(Tac.</strong></span> <span class='ocrx_word' id='word_1_163' title='bbox 327 2263 393 2306; x_wconf 90' lang='lat' dir='ltr'><strong>ann.</strong></span> <span class='ocrx_word' id='word_1_164' title='bbox 414 2247 480 2321; x_wconf 88' lang='lat' dir='ltr'><strong>XV,</strong></span> <span class='ocrx_word' id='word_1_165' title='bbox 504 2248 564 2323; x_wconf 82' lang='lat'><strong>72).</strong></span> 
     </span>
    </p>

    <p class='ocr_par' dir='ltr' id='par_1_5' title="bbox 220 2343 1339 3100">
     <span class='ocr_line' id='line_1_20' title="bbox 301 2343 1338 2417; baseline 0.001 -16"><span class='ocrx_word' id='word_1_166' title='bbox 301 2343 440 2403; x_wconf 81' lang='lat' dir='ltr'><strong>Fortasse</strong></span> <span class='ocrx_word' id='word_1_167' title='bbox 468 2350 584 2414; x_wconf 83' lang='lat' dir='ltr'><strong>„statua</strong></span> <span class='ocrx_word' id='word_1_168' title='bbox 609 2345 639 2402; x_wconf 93' lang='lat' dir='ltr'><strong>in</strong></span> <span class='ocrx_word' id='word_1_169' title='bbox 658 2345 723 2403; x_wconf 87' lang='lat' dir='ltr'><strong>foro</strong></span> <span class='ocrx_word' id='word_1_170' title='bbox 744 2345 882 2417; x_wconf 65' lang='lat' dir='ltr'><strong>Augusti¹</strong></span> <span class='ocrx_word' id='word_1_171' title='bbox 910 2345 941 2402; x_wconf 91' lang='lat' dir='ltr'><strong>in</strong></span> <span class='ocrx_word' id='word_1_172' title='bbox 960 2344 1081 2402; x_wconf 87' lang='lat' dir='ltr'><strong>Palmae</strong></span> <span class='ocrx_word' id='word_1_173' title='bbox 1107 2345 1194 2402; x_wconf 91' lang='lat' dir='ltr'><strong>titulo</strong></span> <span class='ocrx_word' id='word_1_174' title='bbox 1216 2359 1338 2402; x_wconf 91' lang='lat' dir='ltr'><strong>comme·</strong></span> 
     </span>
     <span class='ocr_line' id='line_1_21' title="bbox 221 2440 1339 2516; baseline 0.001 -19"><span class='ocrx_word' id='word_1_175' title='bbox 221 2445 335 2498; x_wconf 88' lang='lat' dir='ltr'><strong>morata</strong></span> <span class='ocrx_word' id='word_1_176' title='bbox 360 2442 460 2499; x_wconf 90' lang='lat' dir='ltr'><strong>eadem</strong></span> <span class='ocrx_word' id='word_1_177' title='bbox 481 2447 525 2500; x_wconf 90' lang='lat' dir='ltr'><strong>est</strong></span> <span class='ocrx_word' id='word_1_178' title='bbox 545 2448 631 2513; x_wconf 89' lang='lat' dir='ltr'><strong>atque</strong></span> <span class='ocrx_word' id='word_1_179' title='bbox 658 2442 738 2499; x_wconf 90' lang='lat' dir='ltr'><strong>cuius</strong></span> <span class='ocrx_word' id='word_1_180' title='bbox 759 2442 815 2500; x_wconf 91' lang='lat' dir='ltr'><strong>Dio</strong></span> <span class='ocrx_word' id='word_1_181' title='bbox 836 2440 897 2516; x_wconf 92' lang='lat' dir='ltr'><strong>(ep.</strong></span> <span class='ocrx_word' id='word_1_182' title='bbox 917 2440 1061 2510; x_wconf 84' lang='lat' dir='ltr'><strong>LXVHL</strong></span> <span class='ocrx_word' id='word_1_183' title='bbox 1092 2440 1140 2515; x_wconf 88' lang='lat'><strong>16)</strong></span> <span class='ocrx_word' id='word_1_184' title='bbox 1165 2443 1339 2498; x_wconf 91' lang='lat' dir='ltr'><strong>mentionem</strong></span> 
     </span>
     <span class='ocr_line' id='line_1_22' title="bbox 220 2535 1338 2615; baseline 0.002 -21"><span class='ocrx_word' id='word_1_185' title='bbox 220 2536 306 2595; x_wconf 82' lang='lat' dir='ltr'><strong>inicit</strong></span> <span class='ocrx_word' id='word_1_186' title='bbox 325 2538 370 2596; x_wconf 84' lang='lat' dir='ltr'><strong>his</strong></span> <span class='ocrx_word' id='word_1_187' title='bbox 390 2539 499 2597; x_wconf 83' lang='lat' dir='ltr'><strong>verbis:</strong></span> <span class='ocrx_word' id='word_1_188' title='bbox 535 2540 665 2615; x_wconf 53' lang='grc' dir='ltr'><strong>,ἔστησεκ</strong></span> <span class='ocrx_word' id='word_1_189' title='bbox 694 2537 747 2614; x_wconf 86' lang='lat' dir='ltr'><strong>(sc.</strong></span> <span class='ocrx_word' id='word_1_190' title='bbox 768 2537 925 2613; x_wconf 55' lang='lat' dir='ltr'><strong>Ainianes)</strong></span> <span class='ocrx_word' id='word_1_191' title='bbox 959 2536 1022 2608; x_wconf 72' lang='lat' dir='ltr'><strong>„scd</strong></span> <span class='ocrx_word' id='word_1_192' title='bbox 1046 2539 1095 2595; x_wconf 78' lang='grc' dir='ltr'><strong>τοῦ</strong></span> <span class='ocrx_word' id='word_1_193' title='bbox 1116 2535 1214 2595; x_wconf 57' lang='lat' dir='ltr'><strong>Accion</strong></span> <span class='ocrx_word' id='word_1_194' title='bbox 1239 2540 1287 2595; x_wconf 79' lang='grc' dir='ltr'><strong>τοῦ</strong></span> <span class='ocrx_word' id='word_1_195' title='bbox 1307 2560 1338 2596; x_wconf 86' lang='grc' dir='ltr'><strong>τε</strong></span> 
     </span>
     <span class='ocr_line' id='line_1_23' title="bbox 221 2630 1337 2710; baseline 0.002 -19"><span class='ocrx_word' id='word_1_196' title='bbox 221 2631 337 2710; x_wconf 86' lang='grc' dir='ltr'><strong>Πάλμου</strong></span> <span class='ocrx_word' id='word_1_197' title='bbox 359 2636 474 2696; x_wconf 78' lang='grc' dir='ltr'><strong>καὶτοῦ</strong></span> <span class='ocrx_word' id='word_1_198' title='bbox 495 2633 605 2695; x_wconf 82' lang='grc' dir='ltr'>Κέλσου</span> <span class='ocrx_word' id='word_1_199' title='bbox 626 2634 760 2703; x_wconf 71' lang='grc' dir='ltr'><strong>εἰκόνας“,</strong></span> <span class='ocrx_word' id='word_1_200' title='bbox 781 2630 986 2708; x_wconf 56' lang='lat' dir='ltr'><strong>iliumphaliffl)</strong></span> <span class='ocrx_word' id='word_1_201' title='bbox 1007 2634 1084 2693; x_wconf 85' lang='lat' dir='ltr'><strong>haud</strong></span> <span class='ocrx_word' id='word_1_202' title='bbox 1104 2635 1190 2693; x_wconf 86' lang='lat' dir='ltr'><strong>dubie</strong></span> <span class='ocrx_word' id='word_1_203' title='bbox 1204 2651 1261 2692; x_wconf 88' lang='lat' dir='ltr'><strong>non</strong></span> <span class='ocrx_word' id='word_1_204' title='bbox 1281 2641 1337 2693; x_wconf 83' lang='lat' dir='ltr'><strong>est.</strong></span> 
     </span>
     <span class='ocr_line' id='line_1_24' title="bbox 221 2731 1339 2806; baseline 0.001 -17"><span class='ocrx_word' id='word_1_205' title='bbox 221 2731 352 2805; x_wconf 89' lang='lat' dir='ltr'><strong>Itemque</strong></span> <span class='ocrx_word' id='word_1_206' title='bbox 375 2739 516 2805; x_wconf 86' lang='lat' dir='ltr'><strong>statuam,</strong></span> <span class='ocrx_word' id='word_1_207' title='bbox 548 2749 620 2806; x_wconf 91' lang='lat' dir='ltr'><strong>quae</strong></span> <span class='ocrx_word' id='word_1_208' title='bbox 646 2734 677 2790; x_wconf 95' lang='lat' dir='ltr'><strong>in</strong></span> <span class='ocrx_word' id='word_1_209' title='bbox 701 2733 787 2792; x_wconf 87' lang='lat' dir='ltr'><strong>titulo</strong></span> <span class='ocrx_word' id='word_1_210' title='bbox 808 2734 900 2792; x_wconf 86' lang='lat' dir='ltr'><strong>Surae</strong></span> <span class='ocrx_word' id='word_1_211' title='bbox 924 2733 1043 2804; x_wconf 90' lang='lat' dir='ltr'><strong>legitur,</strong></span> <span class='ocrx_word' id='word_1_212' title='bbox 1076 2731 1199 2790; x_wconf 88' lang='lat' dir='ltr'><strong>eandem</strong></span> <span class='ocrx_word' id='word_1_213' title='bbox 1220 2747 1284 2790; x_wconf 87' lang='lat' dir='ltr'><strong>esse</strong></span> <span class='ocrx_word' id='word_1_214' title='bbox 1304 2747 1339 2790; x_wconf 92' lang='lat' dir='ltr'><strong>ac</strong></span> 
     </span>
     <span class='ocr_line' id='line_1_25' title="bbox 224 2829 1323 2903; baseline 0 -16"><span class='ocrx_word' id='word_1_215' title='bbox 224 2845 297 2900; x_wconf 88' lang='lat' dir='ltr'><strong>quae</strong></span> <span class='ocrx_word' id='word_1_216' title='bbox 316 2836 384 2903; x_wconf 92' lang='lat' dir='ltr'><strong>post</strong></span> <span class='ocrx_word' id='word_1_217' title='bbox 403 2836 526 2889; x_wconf 88' lang='lat' dir='ltr'><strong>mortem</strong></span> <span class='ocrx_word' id='word_1_218' title='bbox 546 2836 621 2890; x_wconf 89' lang='lat' dir='ltr'><strong>teste</strong></span> <span class='ocrx_word' id='word_1_219' title='bbox 640 2830 735 2889; x_wconf 91' lang='lat' dir='ltr'><strong>Dione</strong></span> <span class='ocrx_word' id='word_1_220' title='bbox 754 2829 899 2897; x_wconf 81' lang='lat' dir='ltr'><strong>LXVIII,</strong></span> <span class='ocrx_word' id='word_1_221' title='bbox 933 2831 969 2886; x_wconf 88' lang='lat'><strong>15</strong></span> <span class='ocrx_word' id='word_1_222' title='bbox 992 2830 1020 2887; x_wconf 90' lang='lat' dir='ltr'><strong>ei</strong></span> <span class='ocrx_word' id='word_1_223' title='bbox 1040 2829 1157 2887; x_wconf 90' lang='lat' dir='ltr'><strong>decreta</strong></span> <span class='ocrx_word' id='word_1_224' title='bbox 1177 2835 1221 2888; x_wconf 87' lang='lat' dir='ltr'><strong>est</strong></span> <span class='ocrx_word' id='word_1_225' title='bbox 1240 2830 1323 2888; x_wconf 90' lang='lat' dir='ltr'><strong>conie</strong></span> 
     </span>
     <span class='ocr_line' id='line_1_26' title="bbox 223 2926 1339 2999; baseline 0.001 -15"><span class='ocrx_word' id='word_1_226' title='bbox 223 2927 321 2988; x_wconf 91' lang='lat' dir='ltr'><strong>cerim.</strong></span> <span class='ocrx_word' id='word_1_227' title='bbox 365 2928 437 2999; x_wconf 83' lang='lat' dir='ltr'><strong>Sed,</strong></span> <span class='ocrx_word' id='word_1_228' title='bbox 469 2933 534 2986; x_wconf 89' lang='lat' dir='ltr'><strong>utut</strong></span> <span class='ocrx_word' id='word_1_229' title='bbox 553 2928 626 2986; x_wconf 88' lang='lat' dir='ltr'><strong>haec</strong></span> <span class='ocrx_word' id='word_1_230' title='bbox 645 2944 693 2987; x_wconf 90' lang='lat' dir='ltr'><strong>res</strong></span> <span class='ocrx_word' id='word_1_231' title='bbox 713 2944 744 2986; x_wconf 84' lang='lat' dir='ltr'><strong>se</strong></span> <span class='ocrx_word' id='word_1_232' title='bbox 763 2928 865 2997; x_wconf 91' lang='lat' dir='ltr'><strong>habet,</strong></span> <span class='ocrx_word' id='word_1_233' title='bbox 896 2926 1080 2999; x_wconf 87' lang='lat' dir='ltr'><strong>triumphalis</strong></span> <span class='ocrx_word' id='word_1_234' title='bbox 1100 2941 1155 2983; x_wconf 93' lang='lat' dir='ltr'><strong>non</strong></span> <span class='ocrx_word' id='word_1_235' title='bbox 1176 2931 1233 2996; x_wconf 87' lang='lat' dir='ltr'><strong>est,</strong></span> <span class='ocrx_word' id='word_1_236' title='bbox 1265 2942 1339 2998; x_wconf 91' lang='lat' dir='ltr'><strong>quae</strong></span> 
     </span>
     <span class='ocr_line' id='line_1_27' title="bbox 225 3023 1077 3100; baseline 0.001 -20"><span class='ocrx_word' id='word_1_237' title='bbox 225 3023 251 3080; x_wconf 93' lang='lat' dir='ltr'><strong>si</strong></span> <span class='ocrx_word' id='word_1_238' title='bbox 271 3024 382 3099; x_wconf 86' lang='lat' dir='ltr'><strong>fuisset,</strong></span> <span class='ocrx_word' id='word_1_239' title='bbox 403 3041 463 3086; x_wconf 85' lang='lat' dir='ltr'><strong>vox</strong></span> <span class='ocrx_word' id='word_1_240' title='bbox 483 3026 666 3100; x_wconf 86' lang='lat' dir='ltr'><strong>triumphalis</strong></span> <span class='ocrx_word' id='word_1_241' title='bbox 685 3026 746 3083; x_wconf 93' lang='lat' dir='ltr'><strong>sine</strong></span> <span class='ocrx_word' id='word_1_242' title='bbox 767 3025 852 3083; x_wconf 91' lang='lat' dir='ltr'><strong>dubio</strong></span> <span class='ocrx_word' id='word_1_243' title='bbox 873 3024 973 3082; x_wconf 87' lang='lat' dir='ltr'><strong>addita</strong></span> <span class='ocrx_word' id='word_1_244' title='bbox 994 3029 1077 3082; x_wconf 89' lang='lat' dir='ltr'><strong>esset.</strong></span> 
     </span>
    </p>

    <p class='ocr_par' dir='ltr' id='par_1_6' title="bbox 227 3120 1339 3390">
     <span class='ocr_line' id='line_1_28' title="bbox 308 3120 1339 3194; baseline -0.003 -14"><span class='ocrx_word' id='word_1_245' title='bbox 308 3123 393 3181; x_wconf 86' lang='lat' dir='ltr'><strong>Illam</strong></span> <span class='ocrx_word' id='word_1_246' title='bbox 413 3128 511 3182; x_wconf 87' lang='lat' dir='ltr'><strong>autem</strong></span> <span class='ocrx_word' id='word_1_247' title='bbox 531 3124 700 3194; x_wconf 88' lang='lat' dir='ltr'><strong>laureatam,</strong></span> <span class='ocrx_word' id='word_1_248' title='bbox 723 3139 806 3194; x_wconf 88' lang='lat' dir='ltr'><strong>quam</strong></span> <span class='ocrx_word' id='word_1_249' title='bbox 827 3139 845 3180; x_wconf 91' lang='lat' dir='ltr'><strong>a</strong></span> <span class='ocrx_word' id='word_1_250' title='bbox 866 3138 973 3180; x_wconf 88' lang='lat' dir='ltr'><strong>corona</strong></span> <span class='ocrx_word' id='word_1_251' title='bbox 986 3121 1087 3178; x_wconf 87' lang='lat' dir='ltr'><strong>laurea</strong></span> <span class='ocrx_word' id='word_1_252' title='bbox 1106 3120 1182 3184; x_wconf 86' lang='lat' dir='ltr'><strong>inter</strong></span> <span class='ocrx_word' id='word_1_253' title='bbox 1199 3120 1339 3193; x_wconf 86' lang='lat' dir='ltr'><strong>triumphi</strong></span> 
     </span>
     <span class='ocr_line' id='line_1_29' title="bbox 227 3218 1337 3292; baseline 0.001 -17"><span class='ocrx_word' id='word_1_254' title='bbox 227 3218 353 3292; x_wconf 89' lang='lat' dir='ltr'><strong>insignia</strong></span> <span class='ocrx_word' id='word_1_255' title='bbox 373 3222 484 3280; x_wconf 85' lang='lat' dir='ltr'><strong>tributa</strong></span> <span class='ocrx_word' id='word_1_256' title='bbox 497 3238 600 3281; x_wconf 90' lang='lat' dir='ltr'><strong>nomen</strong></span> <span class='ocrx_word' id='word_1_257' title='bbox 613 3223 735 3280; x_wconf 83' lang='lat' dir='ltr'><strong>traxisse</strong></span> <span class='ocrx_word' id='word_1_258' title='bbox 756 3236 852 3279; x_wconf 89' lang='lat' dir='ltr'><strong>omnes</strong></span> <span class='ocrx_word' id='word_1_259' title='bbox 866 3221 954 3278; x_wconf 88' lang='lat' dir='ltr'><strong>habet</strong></span> <span class='ocrx_word' id='word_1_260' title='bbox 967 3218 1181 3291; x_wconf 86' lang='lat' dir='ltr'><strong>probabilitatis</strong></span> <span class='ocrx_word' id='word_1_261' title='bbox 1194 3233 1337 3287; x_wconf 79' lang='lat' dir='ltr'><strong>numeros,</strong></span> 
     </span>
     <span class='ocr_line' id='line_1_30' title="bbox 227 3315 1250 3390; baseline -0.003 -16"><span class='ocrx_word' id='word_1_262' title='bbox 227 3315 444 3376; x_wconf 90' lang='lat' dir='ltr'><strong>discernendam</strong></span> <span class='ocrx_word' id='word_1_263' title='bbox 464 3335 566 3378; x_wconf 92' lang='lat' dir='ltr'><strong>censeo</strong></span> <span class='ocrx_word' id='word_1_264' title='bbox 586 3335 605 3377; x_wconf 87' lang='lat' dir='ltr'><strong>a</strong></span> <span class='ocrx_word' id='word_1_265' title='bbox 624 3323 722 3377; x_wconf 89' lang='lat' dir='ltr'><strong>statua</strong></span> <span class='ocrx_word' id='word_1_266' title='bbox 741 3317 910 3390; x_wconf 87' lang='lat' dir='ltr'><strong>triumphali</strong></span> <span class='ocrx_word' id='word_1_267' title='bbox 931 3321 1066 3389; x_wconf 88' lang='lat' dir='ltr'><strong>quattuor</strong></span> <span class='ocrx_word' id='word_1_268' title='bbox 1087 3316 1123 3373; x_wconf 92' lang='lat' dir='ltr'><strong>de</strong></span> <span class='ocrx_word' id='word_1_269' title='bbox 1144 3315 1250 3374; x_wconf 89' lang='lat' dir='ltr'><strong>causis:</strong></span> 
     </span>
    </p>

    <p class='ocr_par' dir='ltr' id='par_1_7' title="bbox 307 3413 1338 3488">
     <span class='ocr_line' id='line_1_31' title="bbox 307 3413 1338 3488; baseline -0.003 -15"><span class='ocrx_word' id='word_1_270' title='bbox 307 3415 430 3488; x_wconf 89' lang='lat' dir='ltr'><strong>primum</strong></span> <span class='ocrx_word' id='word_1_271' title='bbox 451 3417 583 3476; x_wconf 90' lang='lat' dir='ltr'><strong>Tacitum</strong></span> <span class='ocrx_word' id='word_1_272' title='bbox 603 3414 678 3474; x_wconf 86' lang='lat' dir='ltr'><strong>Ann</strong></span> <span class='ocrx_word' id='word_1_273' title='bbox 700 3416 751 3486; x_wconf 87' lang='lat' dir='ltr'><strong>IV,</strong></span> <span class='ocrx_word' id='word_1_274' title='bbox 774 3415 811 3472; x_wconf 79' lang='lat'><strong>23</strong></span> <span class='ocrx_word' id='word_1_275' title='bbox 835 3431 893 3473; x_wconf 93' lang='lat' dir='ltr'><strong>non</strong></span> <span class='ocrx_word' id='word_1_276' title='bbox 917 3431 988 3473; x_wconf 88' lang='lat' dir='ltr'><strong>voce</strong></span> <span class='ocrx_word' id='word_1_277' title='bbox 1011 3413 1237 3486; x_wconf 83' lang='lat' dir='ltr'><strong>„triumphalis“,</strong></span> <span class='ocrx_word' id='word_1_278' title='bbox 1265 3427 1338 3484; x_wconf 85' lang='lat' dir='ltr'><strong>quae</strong></span> 
     </span>
    </p>
   </div>
   <div class='ocr_carea' id='block_1_5' title="bbox 297 3649 1338 3723">
    <p class='ocr_par' dir='ltr' id='par_1_8' title="bbox 297 3649 1338 3723">
     <span class='ocr_line' id='line_1_32' title="bbox 297 3649 1338 3723; baseline -0.007 -12.925"><span class='ocrx_word' id='word_1_279' title='bbox 297 3653 318 3723; x_wconf 84' lang='lat'><strong>¹)</strong></span> <span class='ocrx_word' id='word_1_280' title='bbox 338 3653 373 3709; x_wconf 92' lang='lat' dir='ltr'><strong>dc</strong></span> <span class='ocrx_word' id='word_1_281' title='bbox 391 3654 449 3709; x_wconf 85' lang='lat' dir='ltr'><strong>vita</strong></span> <span class='ocrx_word' id='word_1_282' title='bbox 476 3657 505 3709; x_wconf 88' lang='lat' dir='ltr'><strong>et</strong></span> <span class='ocrx_word' id='word_1_283' title='bbox 522 3652 672 3709; x_wconf 88' lang='lat' dir='ltr'><strong>honoribus</strong></span> <span class='ocrx_word' id='word_1_284' title='bbox 690 3651 760 3707; x_wconf 88' lang='lat' dir='ltr'><strong>Julii</strong></span> <span class='ocrx_word' id='word_1_285' title='bbox 777 3651 926 3720; x_wconf 86' lang='lat' dir='ltr'><strong>Agricolae</strong></span> <span class='ocrx_word' id='word_1_286' title='bbox 944 3649 1127 3719; x_wconf 86' lang='lat' dir='ltr'><strong>(Wirceburgi</strong></span> <span class='ocrx_word' id='word_1_287' title='bbox 1151 3651 1229 3718; x_wconf 86' lang='grc'>1868)</span> <span class='ocrx_word' id='word_1_288' title='bbox 1248 3665 1275 3719; x_wconf 95' lang='lat' dir='ltr'><strong>p.</strong></span> <span class='ocrx_word' id='word_1_289' title='bbox 1295 3651 1338 3704; x_wconf 89' lang='lat'><strong>31.</strong></span> 
     </span>
    </p>
   </div>
   <div class='ocr_carea' id='block_1_6' title="bbox 224 3740 1340 3988">
    <p class='ocr_par' dir='ltr' id='par_1_9' title="bbox 224 3740 1340 3988">
     <span class='ocr_line' id='line_1_33' title="bbox 298 3740 818 3814; baseline -0.011 -15.882"><span class='ocrx_word' id='word_1_290' title='bbox 298 3741 582 3814; x_wconf 80' lang='lat' dir='ltr'><strong>²)videinfrapent.</strong></span> <span class='ocrx_word' id='word_1_291' title='bbox 600 3740 670 3797; x_wconf 92' lang='lat' dir='ltr'><strong>lIc</strong></span> <span class='ocrx_word' id='word_1_292' title='bbox 688 3740 818 3810; x_wconf 69' lang='lat' dir='ltr'><strong>vnso.</strong></span> 
     </span>
     <span class='ocr_line' id='line_1_34' title="bbox 296 3827 1340 3902; baseline -0.004 -15"><span class='ocrx_word' id='word_1_293' title='bbox 296 3831 363 3899; x_wconf 84' lang='lat' dir='ltr'><strong>³)v.</strong></span> <span class='ocrx_word' id='word_1_294' title='bbox 381 3830 456 3886; x_wconf 86' lang='lat' dir='ltr'><strong>inira</strong></span> <span class='ocrx_word' id='word_1_295' title='bbox 472 3833 545 3902; x_wconf 83' lang='lat' dir='ltr'><strong>part</strong></span> <span class='ocrx_word' id='word_1_296' title='bbox 564 3828 784 3898; x_wconf 77' lang='lat' dir='ltr'><strong>110.vl1§1</strong></span> <span class='ocrx_word' id='word_1_297' title='bbox 820 3828 925 3884; x_wconf 85' lang='lat' dir='ltr'><strong>Eadem</strong></span> <span class='ocrx_word' id='word_1_298' title='bbox 947 3827 1022 3883; x_wconf 90' lang='lat' dir='ltr'><strong>haud</strong></span> <span class='ocrx_word' id='word_1_299' title='bbox 1044 3827 1127 3883; x_wconf 92' lang='lat' dir='ltr'><strong>dubie</strong></span> <span class='ocrx_word' id='word_1_300' title='bbox 1151 3829 1195 3882; x_wconf 88' lang='lat' dir='ltr'><strong>est</strong></span> <span class='ocrx_word' id='word_1_301' title='bbox 1212 3843 1244 3882; x_wconf 88' lang='lat' dir='ltr'><strong>ac</strong></span> <span class='ocrx_word' id='word_1_302' title='bbox 1267 3843 1340 3898; x_wconf 87' lang='lat' dir='ltr'><strong>quae</strong></span> 
     </span>
     <span class='ocr_line' id='line_1_35' title="bbox 224 3914 1258 3988; baseline -0.004 -14"><span class='ocrx_word' id='word_1_303' title='bbox 224 3919 256 3974; x_wconf 91' lang='lat' dir='ltr'><strong>in</strong></span> <span class='ocrx_word' id='word_1_304' title='bbox 275 3919 398 3976; x_wconf 88' lang='lat' dir='ltr'><strong>eiusdem</strong></span> <span class='ocrx_word' id='word_1_305' title='bbox 415 3918 497 3974; x_wconf 88' lang='lat' dir='ltr'><strong>titulo</strong></span> <span class='ocrx_word' id='word_1_306' title='bbox 516 3917 695 3988; x_wconf 87' lang='lat' dir='ltr'><strong>Hispaniensi</strong></span> <span class='ocrx_word' id='word_1_307' title='bbox 712 3914 755 3987; x_wconf 82' lang='grc' dir='ltr'><strong>(Ο.</strong></span> <span class='ocrx_word' id='word_1_308' title='bbox 773 3915 795 3972; x_wconf 93' lang='grc' dir='ltr'><strong>Ι.</strong></span> <span class='ocrx_word' id='word_1_309' title='bbox 814 3915 845 3975; x_wconf 92' lang='lat' dir='ltr'><strong>L.</strong></span> <span class='ocrx_word' id='word_1_310' title='bbox 864 3914 901 3985; x_wconf 84' lang='lat' dir='ltr'><strong>II,</strong></span> <span class='ocrx_word' id='word_1_311' title='bbox 918 3917 1001 3982; x_wconf 71' lang='lat'>4508&gt;</span> <span class='ocrx_word' id='word_1_312' title='bbox 1020 3918 1258 3971; x_wconf 85' lang='lat' dir='ltr'><strong>commemoratur.</strong></span> 
     </span>
    </p>
   </div>
   <div class='ocr_carea' id='block_1_7' title="bbox 294 4007 558 4081">
    <p class='ocr_par' dir='ltr' id='par_1_10' title="bbox 294 4007 558 4081">
     <span class='ocr_line' id='line_1_36' title="bbox 294 4007 558 4081; baseline 0 -18"><span class='ocrx_word' id='word_1_313' title='bbox 294 4010 361 4081; x_wconf 89' lang='lat' dir='ltr'><strong>⁴)v.</strong></span> <span class='ocrx_word' id='word_1_314' title='bbox 379 4007 452 4064; x_wconf 83' lang='lat' dir='ltr'><strong>infra</strong></span> <span class='ocrx_word' id='word_1_315' title='bbox 470 4024 496 4078; x_wconf 90' lang='lat' dir='ltr'><strong>p.</strong></span> <span class='ocrx_word' id='word_1_316' title='bbox 517 4010 558 4063; x_wconf 91' lang='lat'><strong>10.</strong></span> 
     </span>
    </p>
   </div>
   <div class='ocr_carea' id='block_1_8' title="bbox 0 0 1496 4852">
    <p class='ocr_par' dir='ltr' id='par_1_11' title="bbox 0 0 1496 4852">
     <span class='ocr_line' id='line_1_37' title="bbox 0 0 1496 4852; baseline 0 0"><span class='ocrx_word' id='word_1_317' title='bbox 0 0 1496 4852; x_wconf 95' lang='lat' dir='ltr'><strong> </strong></span> 
     </span>
    </p>
   </div>
  </div>
 </body>
</html>
