2984 4852
596 413 817 476 ...73-

145 623 268 681 ficeret?
308 623 374 681 Non
394 622 487 681 credo.
531 623 620 682 Immo
652 629 704 681 aut
724 623 840 682 (lessius
860 625 918 684 Dio
944 626 1007 698 ipse
1032 624 1121 684 falsus
1147 631 1192 684 θεῖ
1213 631 1264 684 θεῖ

145 722 179 788 is,
202 737 258 792 quo
279 721 392 792 nititur,
415 726 467 778 aut
486 725 571 779 vetus
592 721 759 792 corruptela
779 722 941 794 statuenda,
963 723 994 780 id
1015 723 1091 794 qnod
1112 723 1173 780 sine
1188 723 1263 780 diffl-

147 819 255 876 oultate
288 817 474 888 coniecerim,
506 817 549 875 ita
580 823 613 875 ut
644 818 733 876 verba
763 817 852 896 παρὰ
878 820 936 877 τοῦ
961 817 1089 878 ΤΙΤΟΥ
1115 821 1150 877 in
1175 819 1263 898 παρὰ

146 916 202 972 τοῦ
224 910 367 972 ΑΥΤΟΥ
388 913 555 986 corrigenda
576 915 642 972 sint.
684 913 817 985 Accedit,
851 915 940 987 quod,
967 932 1060 987 aquo
1085 917 1262 990 imperatore

146 1012 334 1084 triumphalia
354 1027 437 1070 socer
457 1011 612 1083 acceperit,
634 1011 753 1070 Tacitus
774 1029 830 1070 non
851 1013 946 1084 potuit
967 1014 1088 1072 nescire.
1152 1033 1156 1042 ’

225 1095 380 1180 Agricola,
401 1111 553 1180 postquam
574 1124 600 1165 a.
617 1109 653 1165 77
676 1109 774 1167 consul
794 1108 858 1168 suff.
880 1109 944 1179 fuit,
965 1109 996 1166 in
1015 1110 1172 1169 Britannia
1194 1129 1261 1184 pro-

144 1206 240 1280 vinqia
258 1205 341 1264 Julio
362 1205 502 1262 Frontino
524 1205 754 1279 successit(Tac.
768 1204 841 1278 Agr.
859 1206 911 1281 17)
931 1211 1018 1278 atque
1038 1225 1065 1268 a.
1082 1210 1119 1267 78
1141 1226 1177 1267 eo
1194 1225 1260 1281 pro·

147 1303 242 1361 fectus
268 1318 330 1361 esse
357 1302 502 1374 putandus
529 1299 609 1377 θεῖ’)
651 1301 804 1377 Septimi)
824 1303 893 1362 anni
917 1304 936 1362 i.
959 1320 984 1363 e.
1005 1305 1075 1362 anni
1095 1307 1135 1364 84
1157 1311 1262 1364 exacta

147 1400 205 1458 iam
226 1404 340 1458 aestate
360 1400 484 1458 victoria
504 1399 542 1458 ad
561 1405 688 1457 montem
703 1399 862 1472 Graupium
882 1405 1033 1473 reportata
1053 1401 1164 1473 ingenti
1186 1401 1261 1461 bello

147 1496 298 1554 defunctus
318 1500 362 1555 θεῖ
384 1494 468 1570 (Agr.
484 1511 507 1553 c.
524 1496 577 1572 38)
600 1501 631 1555 et
651 1497 809 1555 exercitum
830 1497 859 1554 in
872 1497 1002 1556 hibernis
1022 1498 1139 1558 locavit.
1174 1499 1263 1558 Hunc

145 1610 242 1651 rerum
273 1610 387 1652 cursum
411 1593 605 1660 Domitianus,
629 1610 713 1665 quem
744 1611 802 1652 non
832 1594 1011 1666 praeteribat
1042 1595 1143 1654 Irrisui
1172 1595 1261 1655 fuisse

146 1709 237 1765 nuper
251 1691 356 1750 falsum
370 1707 386 1748 e
401 1691 557 1749 Germania
570 1691 748 1762 triumphum
762 1708 789 1751 a.
806 1691 844 1749 84
858 1689 989 1766 actum³),
1013 1708 1076 1750 oum
1091 1693 1260 1764 accepisset,

146 1790 226 1858 odio,
252 1789 320 1860 quia
339 1789 489 1861 Agricola,
516 1788 656 1846 militibus
676 1792 793 1859 gratus,
815 1788 986 1848 etiamtum
1005 1789 1190 1848 Britanniam
1211 1790 1261 1848 ob-

147 1887 273 1958 tinebat,
305 1900 440 1959 represso
460 1884 649 1958 triumphalia
669 1891 838 1943 ornamenta
863 1886 980 1944 decerni
1001 1886 1032 1944 in
1052 1891 1155 1944 senatu
1175 1887 1262 1946 iussit

146 1983 233 2058 (Agr.
249 1983 302 2058 40)
313 1983 413 2042 eodem
423 1982 561 2042 videlicet
571 1999 654 2054 auno,
671 1998 726 2054 quo
740 1999 838 2055 pugna
852 1987 915 2041 erat
926 1983 1074 2041 commissa
1087 1985 1107 2043 i.
1120 2001 1144 2041 e.
1157 2001 1183 2042 a.
1197 1984 1262 2059 84⁴)

143 2080 268 2152 addique
300 2081 384 2139 iussit
412 2081 531 2152 insuper
556 2079 717 2152 opinionem
749 2078 865 2152 Syriam
895 2081 1074 2153 provinciam
1104 2081 1261 2153 Agricolae

144 2177 286 2236 destinari
305 2191 427 2237 vacuam
448 2182 509 2234 tum
530 2181 622 2234 morte
642 2175 729 2234 Atilii
748 2174 817 2234 Rufi
844 2177 1013 2236 consularis.
1039 2177 1142 2236 ,Ruiu's
1162 2181 1260 2236 autern

144 2289 201 2345 quo
222 2278 353 2348 tempore
373 2274 450 2332 diem
471 2273 576 2331 obierit
600 2272 625 2330 si
653 2276 732 2332 certo
759 2273 922 2332 testimonio
944 2273 1158 2349 constaret⁵)ne
1178 2278 1259 2332 tenu-

146 2371 261 2434 issimus
281 2371 394 2442 quidem
417 2372 452 2429 de
472 2375 611 2444 tempore,
635 2385 690 2442 quo
704 2369 848 2444 Agricola
867 2371 1045 2444 provinciam
1059 2372 1203 2446 ingressus
1217 2375 1263 2430 θεῖ

217 2610 239 2679 ¹)
259 2609 331 2663 hano
350 2608 509 2678 opinionem
521 2624 538 2661 a
549 2606 702 2676 Borghesic
723 2608 798 2679 (opp.
811 2607 862 2678 ΙΙΙ,
877 2610 936 2664 188.
956 2607 989 2664 cf.
1003 2606 1050 2677 ΙΙ,
1068 2610 1129 2663 477.
1150 2607 1180 2663 G.
1193 2607 1215 2666 I.
1230 2605 1261 2663 L.

148 2697 195 2767 Vl,
215 2700 295 2764 2016)
315 2696 454 2767 prolatam
472 2695 629 2752 Urlichsius
650 2695 679 2762 (l.
698 2696 716 2751 l.
735 2713 762 2766 p.
782 2696 838 2768 25),
857 2696 1008 2752 Hdbnerus
1028 2696 1091 2765 (Rh.
1110 2695 1180 2751 Mne.
1199 2693 1262 2765 XII,

144 2803 171 2856 p.
190 2789 225 2841 49
245 2802 320 2857 sqq.‚
348 2785 465 2840 Hermes
484 2783 561 2854 XVI,
588 2802 615 2855 p.
635 2785 803 2856 tar-544),
830 2784 955 2842 Violetus
976 2786 1005 2854 (l.
1020 2786 1042 2841 ·l.
1067 2802 1095 2855 p.
1117 2785 1166 2838 182
1186 2784 1260 2853 sqq.)

144 2875 205 2928 iure
234 2873 431 2940 defenderunt3
459 2872 534 2927 idem
561 2871 648 2926 sentit
674 2871 860 2940 Waddington
889 2871 963 2940 (fast.
983 2871 1006 2942 Ι,
1033 2889 1060 2942 p.
1082 2873 1153 2940 159).
1191 2870 1263 2925 Vide

144 2961 298 3018 Dederich:
318 2960 452 3018 Zeitschr.
471 2958 490 3018 f.
509 2957 860 3014 Altertumswissenschaft
880 2961 948 3014 1839
960 2958 1019 3014 Nc.
1042 2960 1189 3015 105-107.

216 3052 238 3119 ²)
258 3049 388 3117 Singulos
412 3063 514 3116 annos,
542 3046 643 3117 quibus
666 3046 799 3114 Agricola
820 3046 861 3101 ibi
882 3046 988 3101 bellum
1007 3047 1109 3117 gessit,
1133 3047 1263 3101 accurate

145 3139 291 3208 dIstinguit
303 3137 416 3192 Tacitus
430 3135 509 3206 (Agr.
531 3137 572 3191 18.
592 3137 634 3190 20.
654 3137 696 3190 22.
716 3137 758 3190 23.
778 3136 823 3190 24.
842 3135 884 3190 at.
905 3137 1018 3190 28-23.
1026 3137 1086 3204 83.)
1113 3135 1212 3204 Capite
1227 3135 1261 3189 33

145 3243 179 3282 cx
198 3229 275 3283 certa
292 3223 448 3295 Nipperdei
467 3225 627 3280 coniectura
646 3223 709 3292 (Rh.
728 3223 798 3283 Mus.
817 3222 889 3292 XIX,
908 3240 935 3293 p.
958 3224 1018 3292 106)
1036 3223 1186 3293 legendum
1204 3229 1261 3283 est:

144 3316 279 3387 septimus
307 3331 396 3369 annus
415 3315 466 3384 est,
495 3312 709 3387 commilitones,
737 3313 771 3366 ex
799 3328 854 3383 quo
881 3312 985 3366 virtute
1007 3314 1109 3383 vestra,
1128 3315 1259 3384 auspiciis

144 3403 256 3474 Imperii
272 3403 400 3471 Romani,
418 3402 472 3457 fide
491 3403 576 3472 atque
595 3416 681 3470 opera
698 3401 795 3456 nostra
813 3400 987 3456 Britanniam
1004 3400 1120 3458 vicistis.
1140 3400 1174 3458 cf.
1195 3402 1261 3463 Tac.

144 3494 213 3563 Agr.
244 3493 309 3551 edit.
337 3491 413 3548 Wex.
443 3490 601 3562 (Brunsvig.
631 3490 712 3559 1852)
745 3491 773 3544 θῖ
795 3489 934 3558 Draeger.
969 3489 1074 3561 (Leipz.
1105 3489 1197 3559 1879)
1226 3489 1263 3546 ad

147 3582 215 3651 Agr.
236 3583 279 3637 29.
315 3579 409 3635 Violet
426 3579 444 3634 l.
463 3579 482 3634 l.
501 3595 528 3648 p.
548 3579 609 3635 223.

216 3669 238 3740 ³)
258 3669 293 3725 dc
310 3668 452 3738 triumpho
471 3667 625 3723 Domitiani
642 3668 706 3723 vide
724 3666 799 3724 Suet.
818 3667 899 3722 Donn.
918 3669 943 3722 6.
965 3668 1006 3722 13.
1027 3666 1091 3723 Tac.
1106 3665 1198 3723 Germ.
1217 3669 1261 3724 31.

144 3758 251 3829 Eutrop
271 3755 333 3828 ΙΙΙ,
352 3759 395 3816 23.
414 3757 495 3814 Oros.
514 3756 576 3827 ΙΙΙ,
597 3755 747 3820 recredi
764 3755 787 3827 Ι,
804 3755 857 3814 Νο.
878 3757 939 3812 521.

216 3848 238 3915 ⁴)
258 3847 337 3903 Imm.
349 3847 463 3902 Bekker
479 3847 509 3900 in
528 3846 651 3902 editione
670 3845 757 3915 (Lips.
773 3844 853 3916 1831)
873 3844 926 3899 hoo
945 3844 1089 3900 decretum
1106 3843 1143 3900 ad
1156 3861 1261 3899 annum

144 3937 179 3991 85
206 3935 305 4005 refert,
334 3952 503 4007 quamquam
529 3935 641 3989 initium
663 3933 806 4005 sequentis
825 3933 892 3990 anni
911 3949 928 3987 a
946 3933 1042 3989 Tacito
1061 3949 1201 4006 nusquam
1217 3931 1260 3987 in-

144 4023 261 4081 dicatur.

217 4115 238 4184 5)
259 4112 293 4171 ol.
312 4112 498 4181 Waddingtcn
516 4113 535 4171 l.
554 4112 572 4168 l.
591 4110 614 4182 Ι,
632 4127 660 4180 p.
682 4111 731 4165 166
750 4108 803 4167 Νο.
824 4112 883 4168 108.
