2984 4852
606 381 826 442 „41-

156 591 277 661 demque
298 607 323 648 a.
348 592 383 648 21
408 591 560 662 censentis,
586 607 624 648 ne
645 606 728 662 quom
749 591 958 663 magistratum,
986 591 1034 648 cui
1054 590 1202 662 prouincia
1223 589 1273 648 ob·

155 689 288 759 venisset,
310 705 384 746 uxor
404 688 600 758 comitaretur,
622 689 766 746 sententia
786 689 865 747 elusa
886 692 930 747 est
944 687 996 763 (ib.
1018 690 1064 746 33.
1088 687 1147 757 34).
1189 687 1275 745 Haud

149 784 243 854 ‚dubie
263 784 361 856 paullo
382 789 448 868 post
469 785 549 844 obiit.

237 900 263 956 2.
306 899 340 957 L.
363 896 558 973 Apronius,
592 902 689 958 consul
721 901 784 960 suff.
810 919 837 960 a.
865 902 892 972 8,
918 901 994 959 bello
1020 900 1186 958 Pannonico
1212 899 1274 959 scio

161 1012 235 1054 anno
259 994 303 1072 9¹)
326 1013 391 1054 cum
411 996 549 1056 Postumo
570 998 687 1058 videtur
706 998 872 1057 interfuisse
899 1006 929 1056 et
948 999 1003 1056 hac
1029 997 1144 1070 quidem
1171 997 1275 1054 militia

157 1097 340 1163 ornamenta,
372 1110 446 1166 quac
472 1112 498 1154 a.
530 1093 564 1152 15
591 1112 619 1168 p.
647 1095 714 1154 Chr.
748 1101 917 1154 consecutus
947 1099 1007 1163 est,
1037 1095 1146 1152 virtute
1171 1093 1275 1151 meruit
1304 1131 1306 1134 -

157 1190 247 1266 (Veli.
274 1190 312 1258 H,
348 1191 426 1266 116).
470 1192 601 1264 Legatus
631 1191 800 1251 Germanici
830 1193 913 1252 annis
946 1193 1075 1263 15-16,
1109 1208 1135 1248 1.
1171 1191 1206 1248 15
1238 1189 1276 1246 11

154 1288 327 1346 munitiones
351 1288 464 1346 viarum
489 1294 519 1346 et
544 1287 691 1347 fluminum
720 1291 907 1361 relinquitur,
938 1288 1218 1349 cumGermanicus
1245 1287 1276 1344 in

155 1383 277 1444 Chattos
298 1386 456 1443 exercitum
478 1387 598 1445 duceret
618 1387 701 1463 (Tac.
724 1404 790 1447 111.
811 1388 836 1459 I,
859 1387 926 1462 56),
955 1404 980 1444 1.
1007 1388 1042 1445 16
1065 1403 1128 1444 cum
1149 1384 1222 1443 Silio
1244 1388 1274 1440 et

154 1479 282 1540 Caecina
307 1480 493 1540 fabricandae
519 1485 606 1542 classi
633 1485 664 1542 in
690 1483 849 1544 Germania
883 1484 1071 1557 praeponitur
1102 1483 1153 1558 (ib.
1180 1482 1220 1551 Π,
1243 1480 1276 1556 6)

156 1595 213 1649 qua
239 1583 387 1636 exstructa
410 1579 536 1638 Romam
561 1586 630 1640 ante
660 1582 774 1640 initium
805 1583 876 1640 belli
902 1582 1023 1640 rediisse
1047 1580 1175 1648 videtum
1209 1594 1275 1635 nam

156 1693 181 1734 a
200 1677 237 1734 16
250 1684 317 1748 post
329 1677 472 1735 Libonem
486 1684 631 1736 mortuum
645 1679 675 1736 in
696 1686 799 1738 senatu
813 1680 986 1739 sententiam
1000 1678 1075 1736 dixit
1090 1677 1142 1753 (ib.
1159 1679 1197 1749 Π,
1213 1674 1273 1749 32).

156 1774 228 1832 Τ111
254 1790 344 1833 annos
370 1777 520 1834 continuos
541 1775 698 1850 Apronium
723 1780 903 1852 provinciam
923 1776 1052 1836 Africam
1078 1792 1131 1849 pro
1159 1774 1275 1833 consule

155 1871 397 1945 administrasse²)
412 1874 520 1931 nummi
541 1874 668 1950 (Eckhel
682 1877 720 1934 D.
735 1877 771 1936 N.
787 1876 840 1946 IV,
859 1877 924 1935 148.
945 1875 1079 1933 Mionnet
1091 1874 1141 1945 VI,
1162 1890 1189 1946 p.
1207 1873 1273 1943 585,

155 1969 274 2029 11126.
292 1970 340 2030 27.
361 1970 480 2029 Miiller:
503 1973 723 2044 numismatique
745 1973 780 2031 de
794 1973 955 2030 l'ancienne
970 1970 1090 2042 Airique
1111 1971 1140 2028 ll
1155 1969 1274 2044 (1861),

154 2066 279 2141 1155),
302 2066 404 2138 quibus
418 2069 495 2127 inest
509 2070 672 2142 inscriptio:
697 2071 856 2142 ,permissu
876 2070 911 2126 L.
933 2066 1049 2141 Aproni
1068 2084 1180 2140 procos.
1203 2067 1269 2124 ΠΙ“

158 2166 300 2224 evincunt.
343 2167 389 2225 Ibi
410 2175 436 2226 a.
461 2169 497 2226 18
523 2170 661 2227 successit
684 2169 775 2226 Furio
803 2169 924 2227 Camillo
951 2166 1036 2242 (Tac.
1062 2183 1127 2224 ann.
1155 2163 1194 2234 H,
1224 2164 1273 2222 52.

156 2261 211 2333 ΙΠ,
240 2265 264 2319 1.
289 2264 354 2340 21),
387 2282 451 2323 cum
476 2265 570 2338 ipsum
596 2283 622 2323 1.
650 2267 686 2324 21
714 2265 821 2324 Junius
845 2266 968 2323 Blaesus
1000 2267 1169 2334 sequeretur
1189 2261 1271 2336 (Tac.

158 2377 222 2420 111.
237 2361 293 2433 ΙΠ,
317 2365 365 2422 35.
381 2364 444 2439 58).
486 2363 560 2422 Post
572 2379 647 2435 quae
660 2365 771 2422 Romae
791 2368 923 2421 versatus
938 2367 991 2433 est,
1014 2378 1038 2420 1.
1055 2362 1093 2418 22
1115 2364 1148 2418 11
1160 2359 1275 2417 fetiales

156 2473 267 2531 quoque
288 2461 365 2520 ludis
385 2463 517 2521 maximis
537 2462 744 2534 praesiderent,
772 2462 891 2533 censuit,
919 2460 965 2518 cui
986 2460 1145 2519 sententiae
1167 2457 1275 2516 Caesar

156 2559 332 2617 contradixit
365 2559 415 2634 (ib.
447 2559 512 2630 ΙΠ,
546 2558 612 2634 64);
647 2576 673 2617 1.
708 2561 745 2618 23
781 2576 846 2616 cum
875 2559 959 2617 Aelio
994 2557 1098 2615 Lamia
1132 2557 1275 2614 insontem
1339 2584 1343 2594 »

156 2652 188 2712 0.
216 2654 377 2713 Gracchum
408 2659 537 2729 protexit
568 2656 621 2732 (ib.
648 2656 699 2728 IV,
725 2655 793 2732 13),
825 2673 851 2713 1.
881 2657 920 2712 24
945 2655 1090 2712 Plautium
1117 2651 1273 2720 Silvanum,

156 2767 295 2822 generum
316 2770 407 2824 suum,
429 2755 496 2826 quia
517 2757 668 2828 coniugem
689 2754 848 2828 Aproniam
869 2755 897 2812 in
919 2768 1058 2826 praeceps
1084 2752 1209 2815 iecerat,
1237 2748 1275 2806 ad

155 2846 309 2906 Gaesarem
329 2852 422 2909 traxit
442 2852 493 2926 (ib.
509 2853 559 2925 IV,
583 2854 644 2927 22).
687 2853 722 2909 A.
746 2853 784 2910 28
805 2852 921 2923 legatus
934 2850 1010 2922 Aug.
1031 2865 1074 2921 pr.
1091 2865 1133 2919 pr.
1150 2845 1274 2904 Germa-

154 2946 219 3003 niae
246 2947 394 3006 inierioris
421 2947 453 3009 0.
475 2948 627 3009 Visellium
652 2949 815 3008 Varronem
846 2952 961 3006 secutus
988 2964 1006 3004 a
1031 2946 1137 3004 Frisiis
1162 2942 1274 3001 cladem

155 3044 268 3116 accepit
288 3045 340 3120 (ib.
354 3046 405 3116 IV,
421 3047 468 3106 73.
490 3047 543 3118 XI,
561 3047 623 3123 19).
665 3047 833 3121 Quousque
852 3046 894 3103 ibi
907 3049 1037 3103 versatus
1051 3043 1089 3101 sit
1103 3039 1273 3113 quandoque

155 3138 261 3199 obierit
290 3144 431 3203 nescimus
461 3156 554 3216 neque
581 3146 676 3204 Taciti
706 3161 742 3202 ex
766 3146 829 3203 loco
854 3143 906 3218 (ib.
932 3142 984 3212 VI,
1012 3139 1077 3214 30):
1112 3137 1273 3208 ,Lentulus

155 3234 337 3310 Gaetulicus,
369 3241 481 3313 legatus
506 3242 664 3314 superioris
690 3240 864 3301 Germaniae
885 3257 909 3297 a
933 3241 980 3308 34,
1007 3235 1138 3309 proximo
1160 3249 1272 3306 quoque

156 3336 295 3392 exercitui
315 3353 369 3409 per
381 3337 417 3395 L.
433 3337 594 3411 Apronium
615 3355 744 3397 socerum
764 3355 821 3397 non
840 3338 991 3410 ingratus“
1015 3335 1103 3394 etiam
1124 3337 1184 3390 tum
1206 3345 1272 3388 eum

154 3432 232 3488 inter
251 3432 334 3492 vivos
354 3433 441 3494 fuisse
463 3437 660 3495 concluserim.

235 3548 262 3604 3.
305 3548 337 3607 (1.
359 3548 483 3624 Silius,
505 3557 590 3625 pater
605 3553 635 3612 G.
651 3551 718 3611 Silii
738 3552 814 3624 apud
828 3551 973 3610 Tacitum:
997 3565 1062 3606 ann.
1078 3545 1131 3612 XI,
1156 3544 1191 3602 12
1208 3557 1269 3613 sqq.

155 3647 316 3718 memorati,
339 3649 437 3706 consul
458 3666 485 3709 a.
509 3651 555 3718 13,
576 3649 693 3722 legatus
713 3651 789 3721 Aug.
811 3667 855 3722 pr.
877 3664 920 3720 pr.
942 3643 1117 3705 Germaniae
1137 3656 1198 3711 sup.
1215 3637 1272 3695 init

225 3903 247 3972 ¹)
266 3904 329 3960 vida
348 3922 434 3977 snpra
451 3909 523 3977 pant.
542 3907 579 3978 11,
597 3923 620 3964 c.
639 3908 653 3963 Ι
673 3908 689 3977 §
709 3911 750 3964 10.
774 3925 801 3978 p.
816 3909 864 3963 29.
897 3939 899 3946 >

225 3992 247 4061 ²)
266 3993 330 4048 vide
349 3995 552 4054 dedicationem
570 4002 686 4071 propter
698 3997 895 4071 Aproniornm,
913 3999 1002 4068 patris
1016 3996 1129 4068 filiique,
1148 4010 1271 4064 pugnam

154 4096 218 4136 cum
236 4080 362 4138 Gaetulis
380 4083 483 4141 iactam
501 4087 577 4158 (epla
597 4089 684 4158 epigr.
703 4088 740 4161 ΙΙ,
758 4108 785 4160 p.
804 4093 857 4147 264
876 4094 957 4164 sqq.)
1022 4117 1023 4124 ¹
