2984 4852
610 427 825 490 ..53-

159 639 298 707 Atticum,
319 639 380 696 eius
401 637 469 695 anni
489 638 634 695 consulem
648 637 834 702 ordinarium,
856 634 1038 693 interfectum
1059 634 1111 709 (ib.
1134 635 1275 708 66-69),

159 737 208 808 qui
238 737 352 809 quidem
382 741 448 794 ante
482 735 547 793 idus
577 733 651 806 Aug.
682 738 801 792 necatus
836 734 875 791 sit
904 750 1020 791 necesse
1046 737 1099 804 est,
1132 749 1197 790 cum
1226 732 1277 788 illo

161 833 207 892 die
231 835 290 891 iam
318 834 448 892 consules
478 830 613 891 suffectos
635 832 665 890 0.
687 831 883 903 Pomponium,
916 829 948 888 O.
969 829 1106 887 Anicium
1125 827 1214 887 fuisse
1235 830 1277 886 in-

160 931 277 1004 scriptio
304 931 460 1003 amphorae
486 928 642 987 Stabianae
668 927 715 1003 (0.
737 928 762 985 Ι.
786 928 819 985 L.
842 926 895 998 iv,
918 929 1011 1002 1551)
1035 928 1145 986 doceat.
1187 925 1278 996 Quam

161 1029 198 1086 ob
218 1044 280 1085 rem
301 1031 471 1084 ornamenta
491 1025 663 1097 acceperint,
695 1026 813 1082 Tacitus
838 1041 895 1082 non
925 1023 1016 1081 addit.
1058 1023 1201 1095 Equidem
1220 1039 1279 1081 non

161 1125 269 1193 dubito,
301 1124 370 1195 quin
394 1124 482 1180 istum
506 1122 645 1179 honorem
669 1125 702 1178 ut
723 1122 882 1194 praemium
913 1120 1090 1179 inimicorum
1114 1121 1278 1178 Neronisc

160 1222 254 1280 medio
275 1225 337 1278 turn
357 1220 535 1279 sublatorum
558 1220 615 1277 sint
629 1219 738 1292 adepti.
774 1218 831 1278 Sed
852 1219 922 1276 haec
942 1223 1008 1275 utut
1030 1233 1093 1276 sese
1113 1234 1161 1276 res
1180 1218 1277 1286 habet,

162 1323 240 1377 certe
270 1335 367 1376 rerum
398 1318 487 1375 armis
518 1321 666 1388 gestarum
696 1317 851 1387 vestigium
881 1315 990 1372 nullum
1017 1347 1055 1358 -
1077 1332 1113 1372 ne
1139 1315 1169 1372 in
1193 1314 1278 1371 titulo

162 1416 277 1488 quidem
297 1415 411 1473 Nervae
436 1413 513 1471 infra
534 1413 623 1471 allato
646 1447 682 1494 ’-
704 1414 839 1485 inuenies,
872 1413 940 1484 quin
964 1413 1052 1470 etiarn
1072 1412 1169 1470 Taciti
1189 1413 1280 1469 verba

165 1513 263 1583 „quasi
289 1516 373 1582 gesta
396 1511 473 1569 bello
499 1510 682 1582 expositurus
706 1514 791 1568 uocat
817 1514 965 1568 senatum“
998 1510 1034 1566 de
1064 1509 1172 1566 virtute
1201 1506 1278 1565 bello

87 1651 90 1658 .
162 1609 285 1683 probata
311 1609 437 1681 cogitare
462 1625 520 1666 non
550 1605 680 1681 sinunt.¹)
722 1607 804 1678 Quod
825 1607 944 1664 Tacitus
967 1604 1138 1674 ,tribuisse“
1162 1620 1197 1660 ea
1216 1603 1279 1662 Ne·

163 1721 262 1763 ronam
283 1705 361 1777 dicit,
384 1705 573 1762 concluserim
595 1709 712 1762 auctore
731 1705 906 1776 imperatore
925 1703 1018 1760 tribus
1038 1701 1095 1761 illis
1109 1704 1279 1759 ornamenta

163 1820 224 1860 esse
245 1802 370 1860 decreta.

242 1899 398 1956 Videamus
418 1898 552 1970 singulos.

245 2016 271 2072 1.
305 2011 368 2088 P.²)
388 2011 580 2070 Petronius
606 2011 848 2083 Turpilianus,
869 2011 937 2068 anni
960 2011 994 2068 61
1019 2010 1163 2068 mensibus
1183 2007 1277 2066 Janu·

164 2109 227 2168 ario
248 2113 278 2167 et
297 2109 459 2168 Februario
485 2110 636 2168 consulatu
656 2108 778 2176 iunctus,
802 2141 838 2150 -
860 2107 999 2166 Kalendis
1020 2109 1096 2165 enirn
1116 2106 1232 2164 Martiis
1254 2106 1280 2163 ei

166 2204 309 2264 sufficitur
319 2205 351 2262 P.
365 2206 507 2265 Calvisius
517 2207 594 2264 Ruso
610 2205 691 2279 (6.1.
708 2206 744 2263 L.
756 2206 806 2276 VI,
818 2206 885 2264 597.
897 2205 960 2275 eph.
976 2220 1020 2275 ep.
1032 2205 1055 2275 I,
1069 2202 1168 2277 14)-
1181 2202 1282 2260 eodem

165 2297 262 2376 anno³)
274 2303 388 2374 legatus
402 2302 478 2372 Aug.
494 2318 537 2374 pr.
549 2317 592 2373 pr.
604 2299 696 2359 factus
707 2306 752 2359 est
761 2300 932 2358 Britanniae
943 2299 1027 2375 (Tac.
1043 2317 1107 2358 ann.
1120 2300 1203 2369 XIV,
1217 2300 1280 2375 39),

168 2399 335 2458 Suetonium
359 2398 509 2456 Paulinum
539 2400 722 2466 subsecutus,
753 2398 803 2456 ubi
830 2398 906 2456 bello
937 2415 955 2456 a
985 2399 1131 2471 prioribus
1163 2397 1282 2456 ducibus

171 2495 301 2554 confecto
333 2496 405 2552 nihil
434 2496 514 2553 ultra
539 2511 625 2553 ausus
655 2500 700 2552 est
732 2493 815 2569 (Tac.
836 2493 911 2567 Agr.
936 2495 997 2570 16).
1040 2492 1087 2551 Ad
1112 2509 1217 2551 annum
1244 2493 1282 2552 61

164 2593 338 2657 Britanniae
358 2594 520 2669 praefuit),
543 2593 688 2652 Trebellio
707 2594 835 2652 Maximo
856 2591 1034 2666 provinciam
1052 2592 1177 2651 tradidit
1198 2591 1283 2665 (Tac.

165 2692 237 2764 Agr.
260 2692 321 2767 16).
364 2691 490 2749 (iurator
511 2707 648 2762 aquarum
668 2690 724 2748 fuit
744 2689 776 2749 O.
799 2690 932 2748 Memmio
953 2689 1069 2762 Regulo
1089 2690 1123 2747 L.
1140 2688 1282 2761 Verginio

162 2786 241 2850 Rufo
273 2789 434 2847 consulibus
458 2787 603 2864 (Frontin.
626 2803 690 2858 aqu.
715 2787 785 2861 101)
816 2788 835 2844 1.
858 2803 883 2846 6.
905 2804 930 2844 a.
954 2788 1001 2846 63.
1043 2786 1129 2845 Initio
1156 2786 1282 2844 6111165

166 2885 244 2942 haud
265 2885 350 2943 dubie
370 2885 481 2943 Romae
500 2886 681 2944 versabatur.
723 2880 919 2958 Haackhiusl)
940 2889 1037 2942 autern
1056 2883 1227 2941 Petronium
1247 2883 1282 2940 ob

169 2979 353 3038 Britanniam
378 2981 610 3038 administratam
640 2984 809 3037 ornamenta
829 2980 1017 3053 triumphalia
1037 2979 1182 3050 accepisse
1202 2984 1283 3038 ratus

168 3094 225 3148 quo
246 3082 415 3150 argumento
436 3078 556 3148 nitatur,
587 3077 720 3147 equidem
746 3076 921 3148 investigare
944 3092 1001 3133 non
1025 3092 1151 3148 possum.
1193 3076 1282 3134 Prae-

167 3179 249 3232 terea
280 3175 517 3233 considerandum
547 3180 592 3232 est
621 3191 686 3232 eum
711 3190 785 3231 anno
811 3174 870 3230 iam
891 3173 928 3230 62
950 3173 1098 3245 provincia
1118 3173 1282 3231 decessisse.

246 3271 293 3329 De
313 3272 523 3343 posterioribus
548 3272 610 3329 eius
630 3271 712 3330 annis
736 3270 808 3328 nihil
833 3270 896 3328 fere
921 3273 1047 3328 aetatem
1067 3269 1145 3328 tulit.
1185 3270 1222 3328 A.
1245 3270 1284 3327 68

240 3489 261 3561 ¹)
281 3489 356 3545 haud
382 3491 459 3545 recte
485 3490 571 3559 igitur
596 3489 702 3544 iudicat
724 3487 827 3544 Giesen
855 3487 902 3556 (de
927 3487 1103 3557 imperatoris
1126 3487 1162 3543 M.
1187 3485 1286 3542 Coccei

172 3576 282 3632 Nervae
299 3577 366 3646 rita,
383 3577 479 3646 Progr.
497 3577 585 3633 Bonn.
607 3576 686 3645 1866)
706 3579 773 3634 cal.
792 3575 838 3631 fin.

239 3666 261 3734 ²)
280 3681 451 3735 praenomen
468 3664 601 3721 ‘Publius'
623 3680 696 3720 unus
717 3664 839 3719 servavit
856 3662 981 3732 Phlegon
999 3663 1061 3718 mir.
1080 3665 1123 3718 10.

241 3753 263 3822 ³)
282 3752 316 3808 cf.
334 3743 461 3809 Hiibner:
480 3754 532 3810 Rh.
551 3753 621 3809 Mus.
639 3752 701 3824 XII,
719 3769 746 3822 p.
765 3755 809 3808 49.
841 3751 897 3808 Jul.
909 3751 1035 3808 Asbach:
1055 3752 1182 3807 analecta
1198 3752 1284 3808 histo·

166 3841 227 3900 rica
245 3843 274 3895 et
292 3841 470 3911 epigraphica
487 3842 576 3896 latina
593 3857 620 3911 p.
640 3845 657 3897 8
676 3856 737 3912 sqq.

240 3929 263 3997 ⁴)
282 3928 446 3984 Hiibnerum
464 3928 513 3999 (ib.
532 3944 559 3998 p.
578 3931 624 3997 49)
643 3928 772 3983 Frontini
789 3928 867 3983 locus
885 3926 903 3983 l.
922 3925 1002 3997 fugit.

242 4017 264 4085 1)
283 4016 313 4070 in
330 4014 429 4087 Pauly,
455 4016 488 4072 R.
506 4016 620 4087 Encycl.
644 4018 695 4076 art.
714 4015 840 4070 Petronii
856 4032 901 4074 no.
922 4018 963 4070 11.
