2984 4852
607 415 818 478 „15-

397 689 695 786 eraricum
725 635 1027 784 nosrnnion.

237 883 339 940 Altera
363 883 419 940 hac
450 882 757 940 commentatiunculae
785 885 882 953 parte,
914 896 989 952 quae
1015 879 1052 938 sit
1079 879 1132 938 sub
1153 878 1275 952 siugulis

155 979 378 1051 imperatoribus
408 978 439 1037 in
470 978 656 1037 decernendis
692 977 866 1036 ornamentis
892 976 1116 1053 triumphalibus
1144 974 1276 1034 adhibita

155 1077 245 1146 ratio,
278 1077 480 1148 exploraturus
505 1090 570 1131 eum
601 1074 769 1147 disputandi
799 1073 928 1132 ordinem
958 1073 1122 1146 instituam,
1154 1078 1188 1131 ut
1219 1089 1274 1144 quo

155 1174 276 1246 quisque
296 1179 440 1246 tempora
462 1171 576 1243 quade
597 1187 696 1241 causa,
724 1188 779 1242 quo
801 1176 919 1230 auctore
939 1171 1088 1244 acceperit
1107 1175 1277 1229 ornamenta

156 1286 303 1343 quaeram.
357 1270 499 1340 Denique,
531 1268 599 1339 quia
630 1268 757 1341 saepius,
794 1284 944 1340 quemnam
978 1269 1133 1341 scriptores
1163 1272 1276 1326 veteres

156 1367 291 1438 intellegi
311 1366 411 1436 velint,
439 1363 627 1421 dubitandum
648 1365 712 1435 erit,
741 1364 819 1422 haud
839 1366 954 1430 inanem
974 1380 1020 1422 me
1042 1353 1277 1438 consumpturum

158 1479 276 1536 operam
296 1477 381 1534 spero
403 1460 433 1517 in
454 1459 658 1531 componendis
679 1460 729 1529 eis,
751 1476 825 1532 quae
842 1461 883 1519 de
904 1461 1066 1519 hominibus
1087 1462 1179 1518 minus
1200 1461 1277 1519 notis

154 1553 301 1630 ‘mdagare
327 1557 423 1630 potui,
447 1557 621 1630 praesertim
644 1572 707 1615 cum
727 1557 855 1615 virorum
880 1557 927 1615 hic
953 1557 1168 1615 tractandorum
1198 1557 1278 1615 vitae

158 1661 212 1714 aut
232 1655 358 1728 scriptae
385 1657 442 1714 non
467 1653 549 1728 sint¹)
574 1659 637 1728 sut,
670 1655 696 1714 si
721 1671 794 1726 quae
818 1654 949 1714 virorum
976 1653 1152 1730 doctorum2)
1181 1649 1279 1712 curam

159 1758 249 1812 nacta
271 1759 323 1825 est,
346 1769 452 1825 magna
472 1757 612 1825 exparte
634 1751 793 1811 studiorum
815 1751 1008 1814 recentiorum
1028 1750 1171 1809 fructibus
1192 1757 1278 1822 atque

159 1855 246 1908 aucta
274 1849 493 1921 inscriptionum
520 1849 604 1922 copia
628 1848 829 1908 obsoleverint
878 1849 1055 1916 Testimonia
1081 1849 1279 1907 consulatuum

48 1971 49 1976 ¹
155 1951 310 2018 ,gestorum
332 1945 448 2004 adferre
469 1947 500 2003 in
519 1947 683 2004 universum
704 1947 967 2019 supersedebimus,
1000 1947 1134 2018 quoniam
1159 1946 1230 2004 haec
1249 1946 1277 2003 in

161 2042 273 2100 Kleinii
293 2042 367 2101 libro
390 2041 533 2117 egregia)
554 2047 688 2101 accurate
708 2043 867 2114 composita
887 2042 974 2102 facile
995 2035 1149 2102 invenies(

617 2230 827 2238 —-·-——·—=

642 2403 740 2507 Gap..
769 2403 797 2486 Ι.

163 2569 217 2641 De
237 2568 470 2641 ornamentis
497 2568 790 2660 triumphalibus
813 2567 884 2640 sub
907 2567 1081 2659 Augusto
1110 2566 1280 2642 decretis,
1320 2577 1322 2580 ’

241 2741 258 2816 ξ
290 2743 316 2801 1.
363 2741 527 2800 Tiberius
557 2758 584 2800 a.
618 2742 655 2799 12
686 2745 713 2801 a'.
745 2740 815 2802 Chr.
846 2739 1024 2810 Pannonios,
1061 2740 1109 2812 qui
1142 2737 1280 2812 Agrippa

160 2838 297 2897 defuncto
324 2839 362 2896 ad
385 2838 494 2896 bellum
517 2842 774 2907 consurrexerant,
806 2837 924 2896 domuit.
969 2835 1134 2908 Propterea
1163 2840 1280 2894 senatus

160 2934 279 2994 Tiberio
311 2935 489 3008 triumphum
519 2936 660 3005 decrevit,
698 2951 782 3006 quem
817 2939 858 2997 ut.
887 2933 1007 2992 duceret
1038 2931 1192 3004 Augustus
1222 2948 1280 2990 non

161 3033 294 3105 permisit
314 3032 536 3106 triumphalibus
558 3047 623 3089 eum
643 3031 802 3104 insignibus
823 3046 965 3089 exornans
987 3028 1056 3104 (Dio
1091 3025 1168 3099 LIV,
1191 3027 1280 3104 31).)

235 3216 255 3283 ¹)
274 3213 380 3270 Kleinii
405 3214 512 3285 operis,
535 3214 609 3286 quod
627 3213 800 3269 inscribitur:
825 3213 871 3268 dio
888 3211 1212 3282 Vernaltungsbeamten
1231 3212 1281 3267 der

162 3301 317 3357 Provinzen
349 3302 399 3358 dos
428 3301 585 3358 romischen
612 3301 713 3357 Reichs
741 3301 783 3357 bis
816 3300 866 3355 auf
889 3300 1047 3357 Diocletian
1077 3302 1167 3371 prima
1198 3302 1281 3371 primi

163 3390 310 3446 voluminis
329 3406 396 3461 pars
415 3390 450 3445 ad
463 3389 586 3446 Siciliam
599 3389 811 3461 Sardiniamque
828 3390 973 3461 pertinens
991 3388 1052 3444 sola
1070 3389 1159 3444 adhuc
1177 3389 1282 3458 prodiit
1344 3462 1347 3468 ι

161 3477 252 3544 (Bonn
272 3481 362 3548 1878).
1037 3529 1039 3532 .

235 3568 257 3636 ²)
277 3567 318 3622 uti
335 3567 365 3620 in
383 3565 482 3638 Paulyi
501 3582 600 3637 opere,
629 3566 704 3638 quod
721 3567 894 3622 inscribitur:
922 3566 1209 3638 Real·Enoycloptdie
1232 3567 1281 3622 der

165 3655 247 3711 class.
267 3653 626 3711 Altertumswissenschaft.

240 3743 263 3814 ³)
282 3743 348 3799 fasti
376 3743 537 3798 consulares
564 3743 630 3799 inde
657 3760 674 3798 a
702 3741 830 3800 Caesaris
857 3759 925 3798 nece
955 3760 1043 3814 usque
1071 3744 1106 3800 ad
1135 3743 1283 3816 imperium

162 3832 330 3889 Diocletiani
348 3832 438 3903 (Lips.
453 3831 542 3905 1881).
578 3831 613 3891 cf.
626 3832 746 3887 Bursian
765 3831 926 3889 Jahresbar.
945 3831 963 3888 f.
979 3834 1046 3888 1882
1059 3833 1113 3890 vol.
1126 3835 1160 3889 38
1178 3849 1206 3902 p.
1220 3834 1280 3888 262.

234 3922 256 3992 ⁴)
276 3942 292 3996 η
318 3919 362 3994 μὲν
387 3920 466 3994 βουλὴ
488 3923 521 3973 τά
545 3940 571 3994 γε
595 3913 698 3974 ἐπινίκια
724 3913 882 3993 ἐψηφίσατο,
907 3919 920 3974 ὁ
945 3919 1113 3994 δἈὔῙουστος
1137 3919 1280 3992 ταῦταμὲν

163 4008 207 4064 οὐκ
238 4011 374 4084 ἐπέτρεψεν
405 4008 537 4083 ἑορτάσαι,
565 4006 611 4070 τὰς
635 4007 663 4062 δὲ
685 4007 760 4083 τιμὰς
784 4008 830 4070 τὰς
855 4002 988 4070 ἐπινικίους
1007 4008 1133 4062 ἀντέδωκε
1152 4007 1186 4068 cf.
1205 4008 1280 4068 Suet.

163 4098 224 4156 Tib.
244 4102 268 4154 9.
