2984 4852
699 379 919 441 ..46-

250 590 384 662 accipere
414 591 533 662 nollent,
565 605 601 647 ne
622 590 783 648 delatorum
803 590 924 647 istorum
945 589 1053 647 similes
1084 588 1173 646 fuisse
1203 588 1373 647 viderentur

250 687 382 761 posteris.
404 720 442 729 -
473 689 506 745 In
528 687 670 746 delatores
690 687 832 759 imprimis
861 691 929 759 post
950 686 1046 744 Seiani
1071 686 1297 744 coniurationem
1323 685 1373 743 de·

250 789 357 842 tectam
378 785 540 842 saeuientes
560 785 632 842 haec
657 784 727 854 quin
751 783 890 858 cadant),
923 799 1095 854 quamquam
1115 799 1170 840 non
1192 782 1301 853 dubito,
1332 782 1372 840 ad

251 898 348 940 omnes
369 886 467 939 tamen
486 898 539 953 per
563 885 655 940 totum
675 881 871 954 principatum
892 879 1003 938 liberii
1023 880 1167 940 delatores
1186 880 1371 953 triumphali·

250 980 303 1036 bus
327 979 483 1036 honoratos
513 978 659 1053 pertinere
690 978 825 1036 evincunt
855 978 945 1036 verba
979 976 1040 1046 ,ἐπὶ
1060 974 1202 1054 Τιβερίου“
1235 977 1371 1035 universe

250 1076 336 1134 dicta.
380 1075 589 1134 lnfructuosum
610 1081 706 1133 autem
727 1075 799 1133 mihi
819 1075 942 1145 videtur,
975 1076 1001 1132 si
1026 1076 1088 1146 quis
1115 1076 1266 1148 explorare
1286 1074 1369 1144 velit,

250 1172 365 1244 quinam
386 1172 529 1231 delatores
549 1173 672 1230 honores
693 1172 881 1244 triumphales
909 1171 1008 1245 adepti
1028 1172 1095 1231 sint.
1137 1171 1271 1241 Quamvis
1293 1171 1371 1228 euim

249 1270 284 1327 de
305 1270 450 1328 nonnullis
476 1286 513 1328 ex
537 1285 638 1341 magno
666 1269 725 1327 cius
756 1270 872 1341 generis
902 1269 1048 1326 hominum
1079 1283 1198 1325 numero
1229 1267 1277 1325 hic
1307 1267 1372 1326 illic

249 1367 405 1441 scriptores
436 1368 552 1439 copiose
581 1371 710 1436 narrent,
742 1366 883 1424 1111111111
904 1366 1056 1438 quicquam
1081 1364 1225 1423 enucleari
1249 1365 1369 1435 poterit.

228 1455 352 1535 'Itaque
372 1465 446 1522 hanc
466 1465 661 1536 quaestionem
682 1464 799 1522 mittere
820 1463 912 1522 satius
937 1463 1003 1522 erit.

328 1560 493 1635 Caligula
514 1562 731 1634 imperatore
751 1577 837 1631 quam
850 1560 993 1618 rationem
1007 1563 1124 1617 senatus
1138 1559 1168 1616 in
1183 1558 1371 1617 decernendis

248 1660 424 1718 ornamentis
445 1659 676 1734 triumphalibus,
700 1659 722 1716 si
738 1674 813 1729 1111
827 1657 944 1716 decreta
957 1661 1032 1727 sunt,
1054 1660 1168 1715 secutus
1182 1657 1229 1726 sit,
1249 1672 1370 1728 prorsus

247 1773 423 1829 rgnoramus.

696 2189 818 2291 capnt
844 2187 915 2270 III.

247 2370 301 2442 De
329 2372 561 2444 ornamentis
588 2371 880 2462 triumphalibus
908 2369 978 2441 snb
1009 2367 1165 2440 Claudio
1195 2367 1366 2441 decretis,

328 2541 373 2601 De
393 2543 570 2602 ornamentis
590 2544 810 2616 triumphalibus
832 2542 951 2601 Claudio
973 2545 1114 2614 regnanto
1136 2541 1298 2599 distributis
1312 2542 1369 2600 ali-

249 2644 355 2710 quanto
376 2639 478 2707 melius
500 2641 596 2698 edocti
616 2657 720 2713 sumus,
742 2646 776 2698 11
797 2646 907 2698 certum
927 2639 1064 2698 iudicium
1084 2637 1161 2696 ferre
1182 2638 1278 2698 liccat.
1313 2638 1369 2698 Vi·

246 2735 364 2795 deamus
384 2738 522 2810 singulos.

326 2835 392 2910 §L
423 2834 472 2895 Ac
497 2837 621 2909 primum
652 2837 766 2909 quidem
797 2837 859 2908 ipse
890 2835 1060 2894 Claudius
1090 2833 1289 2893 memorandus
1311 2839 1366 2909 111,

245 2932 356 3005 primus
378 2935 561 3006 1111111111
582 2937 634 2994 sub
655 2935 746 3007 ipsius
766 2934 889 3009 imperio
903 2932 967 2992 istis
980 2932 1136 2991 honoribus
1150 2936 1270 2989 ornatus
1291 2947 1367 2992 esse.

246 3031 302 3088 Est
332 3031 408 3088 enim
438 3033 515 3106 apud
535 3033 702 3092 Suetonium
735 3030 851 3105 (Claud.
880 3031 931 3106 17)
953 3029 1115 3100 Claudium,
1147 3046 1211 3088 cum
1241 3028 1368 3088 decretis

247 3128 303 3185 sibi
323 3145 342 3186 a
362 3121 464 3188 senatu
485 3131 661 3189 ornamentis
686 3129 909 3201 triumphalibus
928 3129 1068 3186 leviorem
1093 3127 1240 3185 maiestati
1261 3126 1368 3198 princi-

204 3256 206 3259 -
246 3225 307 3298 pali
328 3226 445 3286 titulum
466 3228 660 3286 arbitraretur
680 3227 823 3298 velletque
848 3227 918 3284 iusti
938 3225 1077 3298 triumphi
1098 3225 1192 3295 decus,
1217 3223 1293 3282 unde
1320 3239 1367 3282 11-

250 3323 379 3394 11111111
398 3324 583 3384 Britanniam
615 3325 743 3397 elegisse.
785 3317 960 3382 Ac'euratius
986 3323 1043 3382 Dic
1065 3321 1143 3397 (LX,
1165 3321 1198 3397 8)
1219 3321 1310 3380 tradit
1328 3321 1368 3378 li-

247 3421 345 3478 bertos
366 3438 392 3481 1.
415 3422 452 3478 41
478 3419 601 3480 Claudio
633 3423 802 3493 imperatori
832 3421 915 3479 mcdc
946 3420 1025 3479 facto
1056 3421 1241 3493 persuasisse,
1271 3423 1305 3476 11
1329 3419 1367 3476 cb

248 3517 400 3575 nonnullas
420 3533 468 3575 res
488 3519 712 3576 inMauretania
731 3534 869 3592 prospere
892 3551 927 3559 -
950 3535 968 3575 a
989 3517 1022 3577 P.
1037 3516 1162 3577 Gabinio
1183 3516 1254 3590 (Dic
1267 3515 1367 3586 LX,8

246 3614 283 3672 cf.
310 3614 474 3688 Lehmann:
504 3616 606 3676 Philol.
628 3617 675 3675 XI
696 3617 801 3693 (1856)
825 3635 854 3690 p.
882 3616 1056 3691 391-396)
1080 3621 1241 3689 -gestas,
1269 3630 1368 3687 111111-

246 3727 332 3783 quam
352 3714 415 3786 ipse
435 3731 490 3774 nec
509 3715 551 3773 ibi
570 3720 671 3788 egerat
691 3715 843 3786 quicquam
863 3731 917 3773 nec
943 3731 998 3787 quo
1020 3719 1151 3787 tempore
1172 3713 1278 3772 bellum
1299 3727 1367 3770 con-

246 3808 426 3884 factumest,
458 3813 611 3886 imperinm
637 3815 839 3886 capessivcrat‚
871 3818 968 3871 tamen
992 3811 1181 3885 triumphaha
1211 3811 1367 3882 acciperet.

247 3907 376 3968 Decreta
395 3910 485 3984 igitur
505 3916 572 3970 snut
592 3928 619 3972 1.
639 3914 677 3970 41
701 3927 719 3969 a
743 3916 844 3970 senatu
864 3909 986 3969 Claudio
1012 3909 1190 3982 imperatori,
1217 3907 1367 3968 consulatu

297 4112 299 4116 ·
320 4097 341 4166 1)
362 4095 396 4152 11.
414 4096 560 4166 Borghes:
583 4097 677 4152 annali
695 4097 760 4156 inst.
780 4095 854 4151 arch.
875 4097 953 4164 1846,
976 4111 1003 4164 p.
1024 4096 1076 4151 338
1095 4119 1130 4140 =
1150 4110 1214 4164 opp.
1232 4092 1255 4148 V
1274 4110 1302 4162 p.
1322 4096 1367 4149 28.
