2984 4852
198 3990 226 4055 Cl
207 3784 226 3987 eeeeee

244 4096 271 4146 5-
243 3991 271 4060 M-
243 3761 278 3959 Ulpius
244 3440 278 3728 Traianus,
245 3246 279 3407 pater
244 3095 271 3226 Tra-
245 2955 271 3039 77-

296 3948 315 4061 iani
296 3784 323 3914 lmp-

156 4099 182 4148 4-
153 3959 182 4056 Cn-
154 3623 190 3903 Pinarius,
154 3514 183 3574 L-
154 3431 182 3466 f.
154 3095 182 3383 Cornelius
156 2954 183 3039 74-
156 2444 320 2702 'auctore
155 2060 190 2409 imperatore-

252 2558 271 2670 non
243 2325 279 2520 liquet-

360 2511 395 2642 Sub
360 2079 396 2460 Domitiano.

433 4101 459 4145 1-
430 3962 458 4060 Cn-
430 3739 458 3921 Julius
431 3426 466 3703 Agricola-
431 2956 458 3040 84-

497 4098 503 4110 -
475 3760 503 4061 Vestricius
475 3443 510 3721 Spurinna
476 2913 502 3040 ante
476 2791 502 2874 97-
483 2559 503 2672 non
476 2332 511 2524 liquet-

519 3826 548 4063 fortasse
520 3689 548 3790 sub
519 3321 547 3652 Domitiano-
519 3065 554 3074 Ι
520 2695 555 2702 Ι

592 2476 627 2607 Sub
593 2123 628 2428 Traiano-

685 4096 692 4108 .
663 3996 692 4059 L-
663 3699 698 3962 Licinius,
663 3613 691 3671 L.
662 3549 691 3586 f.
662 3289 697 3514 Sergius
662 3097 691 3253 Sura-
663 2935 698 3052 102,
664 2825 690 2923 aut
664 2697 761 2810 1031
665 2448 692 2672 auctore
664 2061 699 2413 imperatore-

708 2943 734 3039 aut
709 2788 735 2905 107-

778 4099 781 4107 -
752 3992 780 4061 A-
752 3662 780 3950 Cornelius
752 3417 780 3625 Palma-
753 2920 780 3036 106-

819 4098 825 4111 -
797 3994 826 4057 Τ-
796 3701 825 3966 Haterius
797 3485 832 3672 Nepos
796 3256 824 3456 Atinas
796 3095 824 3228 Pro·
796 2939 824 3040 sub
796 2725 824 2911 Traia-
805 2559 825 2674 non
797 2334 833 2524 liquet.

842 3955 870 4059 bus
841 3638 870 3918 Publicius
841 3241 869 3602 Matenianus-
849 2969 868 3042 no
842 2847 868 2943 aut
842 2728 869 2830 sub

885 2761 913 3041 Hadriano
907 2743 914 2756 -

998 2891 1001 2906 -
976 2497 1012 2633 Sub
976 2103 1012 2450 Hadriano-

1022 4064 1055 4146 (1)
1021 3864 1049 4029 idem-
1020 3063 1056 3070 Ι
1020 2693 1056 2701 Ι

1065 4065 1101 4146 (2)
1067 3977 1093 4022 1-
1064 3772 1093 3896 Sex-
1065 3455 1093 3711 Minicius
1058 3063 1146 3393 Faustinus!
1066 2900 1093 3000 133
1066 2747 1092 2844 aut
1058 2448 1145 2704 'auctore
1065 2061 1100 2411 imperatore-

1110 3863 1138 4049 Julius
1109 3598 1145 3823 Sergius
1109 3309 1139 3560 Severus-
1111 2883 1137 3000 134-

432 2446 458 2669 auctore
432 2298 467 2410 imp
433 2077 459 2292 eratore
454 2059 459 2071 -

754 2447 782 2671 auctore
753 2299 788 2413 imp
753 2062 781 2294 emtore-

157 1653 185 1721 ob
156 1366 184 1627 virtutem
156 1203 184 1348 bello

201 1568 236 1725 prob-
228 801 234 812 ‚

245 1655 272 1723 ob
245 1369 273 1628 virtutem
245 1199 273 1347 bello
167 1109 319 1146 }
227 753 256 1071 consulans-

290 1570 324 1726 prob-

432 1747 467 1755 Ι
433 1654 460 1723 ob
432 1370 460 1644 virt-beno
433 1204 468 1358 prob.
433 821 460 1144 consularis-

469 1611 557 1755 {non
477 1385 512 1578 liquet-
485 1034 505 1148 non
477 800 513 992 liquet.

665 1654 693 1723 ob
655 1372 693 1634 virtutem
665 1201 693 1348 bello
664 824 692 1144 consularis-

710 1369 783 1726 ggovlirhbello
754 1202 790 1358 prob-
755 824 783 1144 consularis,

798 1655 827 1723 ob
800 1376 827 1636 virtutem
799 1205 827 1351 bello

844 1437 878 1725 probatam
844 1331 879 1398 (Ρ)
844 835 872 1143 consularis
844 727 880 795 (Ρ)

1067 1653 1095 1721 ob
1067 1365 1139 1627 {itt-utem
1067 1201 1095 1347 bello
1023 1167 1147 1176 Ξ
1066 811 1118 1143 consularis?

1120 1623 1147 1723 pro
1134 1569 1141 1582 -
1119 845 1123 852 ·

1238 925 1241 932 -
1202 863 1232 896 Γ
