2984 4852
597 349 811 457 419..

147 605 246 663 Asiam
282 604 409 662 obtinuit
438 603 532 672 amis,
565 608 597 661 ut
621 603 748 675 videtur,
782 605 859 662 2-5
886 622 915 677 p.
936 602 1005 661 Obr.
1034 602 1176 677 (Momms.
1203 602 1222 659 l.
1245 604 1264 661 l.

146 718 174 774 p.
185 703 241 758 172
253 717 313 772 sqq.
328 697 564 774 ci.Waddington
578 701 668 760 fasten
678 700 729 760 des
740 699 1064 772 provinccsAsiatiques
1076 698 1169 773 (Berl.
1179 700 1264 766 1872,

147 798 201 857 No.
217 799 266 856 57.
282 798 330 859 58.
346 796 397 873 61)
418 803 448 855 11
468 796 617 855 Tiberium
630 796 728 854 Rhodi
749 796 902 869 degentem
922 813 957 855 ea
977 797 1128 854 occasione
1149 796 1266 854 videtur

146 895 268 953 coluisse
300 894 382 968 (Tac.
409 911 473 952 auu.
499 894 554 959 III,
582 894 645 969 48).
687 894 723 951 Α.
752 895 778 952 3.
806 911 834 966 p.
862 893 929 952 Chr.
956 893 1078 951 rectoris
1109 893 1173 951 loco
1201 909 1277 951 curnv

144 990 179 1048 Ο.
200 990 327 1049 Caesare
353 992 384 1048 in
403 987 545 1049 Armenia
571 989 627 1048 fuit
649 988 761 1065 (ibid),
793 1008 829 1048 ex
854 1006 928 1049 auno
950 990 968 1048 6
990 1007 1018 1064 p.
1040 989 1133 1064 (ihm)
1159 990 1264 1048 iterum

147 1089 250 1164 Syriae
272 1095 302 1147 et
322 1089 488 1147 Phoenicas
507 1087 633 1161 praefuit
655 1087 785 1161 (Ioseph.
802 1087 901 1157 XVII,
925 1089 971 1156 13,
994 1090 1020 1146 5.
1043 1086 1161 1158 XVIII,
1187 1088 1212 1157 1,
1238 1088 1262 1143 1.

145 1187 172 1258 2,
205 1186 235 1261 1)
268 1202 358 1256 eoque
384 1201 458 1244 anno
491 1201 605 1243 censum
636 1185 698 1256 egit
723 1184 840 1258 Syriae,
873 1201 957 1255 quem
988 1200 1142 1257 perperam
1168 1183 1264 1241 Lucas

144 1283 261 1358 (1111,
286 1283 317 1358 1)
339 1283 376 1340 ad
396 1287 489 1341 totum
507 1280 637 1354 Augusti
656 1281 808 1353 imperium
829 1281 959 1339 extendit
979 1286 1009 1338 11
1030 1280 1066 1338 ad
1087 1280 1263 1352 legationem
1360 1289 1363 1298 ’

144 1380 269 1450 Quirinii
289 1380 417 1451 priorem
436 1377 584 1435 rettulisse
598 1377 721 1434 videtur.
764 1377 901 1434 Eiusdem
914 1378 1003 1449 legati
1024 1377 1102 1434 iussu
1116 1376 1151 1449 Q.
1167 1376 1262 1434 Aemi-

145 1479 201 1534 lius
223 1475 382 1544 Secuudus,
413 1479 446 1532 ut
471 1474 574 1532 titulus
593 1473 724 1533 Venetus
748 1475 796 1532 vel
821 1475 916 1546 potius
937 1473 1108 1544 Berytensis
1133 1489 1225 1546 nuper
1246 1491 1264 1530 a

144 1569 347 1646 Mommseno²)
367 1572 528 1631 vindicatus
550 1571 646 1638 docet,
659 1585 660 1590 ¹
674 1587 789 1628 censum
810 1571 872 1642 egit
892 1570 1058 1643 Apamense
1085 1569 1213 1628 civitatis
1234 1573 1263 1627 et

147 1670 297 1728 castellum
312 1669 492 1726 ituraeorum
512 1667 542 1725 iu
556 1667 669 1726 Libano
683 1672 779 1725 monte
794 1668 877 1739 cepit.
919 1665 957 1724 A.
977 1667 1013 1724 16
1028 1683 1056 1738 p.
1072 1665 1139 1724 Chr.
1155 1667 1263 1723 Romae

143 1767 313 1836 versabatur
340 1765 423 1837 eique
443 1765 483 1822 M.
506 1764 624 1844 Drusus
642 1764 718 1822 Libo
745 1753 889 1820 extremas
915 1779 1016 1835 preces
1042 1762 1079 1820 ad
1103 1762 1263 1835 principem
1324 1777 1326 1784 ·

146 1864 293 1922 mandavit
314 1861 397 1937 (Tac.
420 1878 485 1918 ann.
507 1861 549 1933 H,
573 1860 636 1935 30),
663 1877 688 1918 a.
711 1860 749 1918 20
770 1857 901 1917 interfuit
923 1859 1101 1917 accusationi
1121 1858 1260 1930 Lepidae,

145 1977 230 2031 quam
252 1961 329 2018 circa
350 1976 376 2016 a.
400 1958 480 2016 204
499 1957 531 2016 in
550 1957 764 2015 matrimonium
785 1956 907 2032 ductam·
922 1955 1017 2028 paullo
1039 1958 1105 2027 post
1125 1955 1261 2027 repudia·

143 2062 236 2115 verat.
279 2055 360 2130 (Tac.
376 2072 440 2114 anu.
455 2055 515 2123 IH,
537 2056 583 2113 22.
607 2070 670 2111 cum
690 2054 875 2112 adnotatione
890 2055 907 2110 5
922 2052 1090 2125 Nipperdci.
1113 2053 1161 2112 23.
1183 2050 1261 2111 Suet.

145 2152 207 2208 Tib.
231 2151 293 2224 49).
335 2149 408 2208 Vita
429 2151 553 2208 decessit
573 2150 719 2221 Quirinius
740 2165 767 2208 a.
789 2150 823 2207 21
848 2148 929 2224 (Tac.
946 2165 1011 2207 anu.
1026 2148 1085 2218 HI,
1107 2147 1161 2222 48)
1183 2148 1262 2206 dives

22 2239 25 2248 '
143 2252 232 2318 atque
254 2249 339 2306 orbus
361 2246 487 2322 (11122)
509 2251 539 2305 11
559 2251 678 2305 auctore
699 2246 815 2304 Tiberio
837 2246 951 2319 publice
973 2246 1067 2303 elatus
1087 2253 1140 2304 est.

224 2346 240 2421 ξ
257 2348 282 2403 5.
314 2338 1260 2418 11111111111111111111111111113)11111111610111,

143 2448 314 2500 ornamenta
335 2442 521 2515 triumphalia
547 2442 669 2514 adeptus
697 2446 754 2510 est,
787 2441 862 2512 quod
886 2440 1015 2499 exercitu
1039 2438 1144 2497 flumen
1164 2439 1261 2497 Albim

143 2540 271 2597 transire
302 2555 388 2597 ausus
420 2543 483 2597 crat
514 2539 595 2614 (Tac.
629 2554 694 2597 aun.
726 2536 783 2607 IV,
814 2538 864 2597 44.
896 2538 974 2597 Suet.
1006 2538 1074 2596 Ner.
1107 2536 1152 2611 4).
1198 2536 1259 2607 Quo

142 2643 274 2709 tempore
305 2637 392 2694 decus
423 2636 577 2703 meruerit,
611 2635 743 2693 concludi
774 2640 884 2707 potest,
916 2641 949 2692 ut
979 2634 1036 2692 iam
1067 2632 1261 2706 Nipperdeius

143 2732 380 2808 (adlecti.)
405 2733 567 2806 perspexit,
600 2749 634 2789 ex
659 2733 723 2790 loco
747 2732 850 2791 Dionis
876 2730 951 2805 (LV,
981 2733 1018 2790 10
1044 2731 1090 2805 a),
1122 2731 1172 2788 ubi
1208 2732 1260 2789 sub

142 2848 218 2890 anno
243 2834 257 2889 1
280 2847 305 2888 a.
329 2829 396 2888 Chr.
422 2830 520 2902 prodit
539 2829 699 2887 Domitium
719 2834 818 2898 autea,
854 2845 918 2886 cum
937 2828 1100 2900 regionum,
1128 2842 1202 2897 quae
1223 2828 1260 2885 ad

143 2928 250 2985 Istrum
270 2930 344 2996 sunt,
365 2926 517 2998 imperium
538 2930 658 2993 1111111,
680 2929 710 2982 11
728 2925 946 2982 Hermunduros
966 2925 1054 2982 aliam
1075 2923 1129 2982 sibi
1149 2928 1259 2981 terram

143 3028 314 3093 quaerentes
334 3024 365 3081 in
387 3028 470 3096 parte
490 3023 724 3079 Marcomanniae
746 3022 901 3080 collocasse
928 3026 958 3078 11
978 3022 1074 3078 Albim
1099 3020 1178 3078 nulio
1210 3023 1259 3078 ob·
1302 3079 1303 3082 ,

142 3120 263 3176 sistente
295 3113 445 3176 traiecisse
479 3118 661 3189 amicitiaque
694 3133 756 3174 cum
787 3117 919 3175 barbaris
953 3117 1012 3175 illis
1045 3117 1143 3174 iuncta
1177 3134 1259 3175 aram

144 3215 275 3285 Augusto
296 3214 336 3272 ibi
357 3214 494 3285 posuisse.

216 3451 235 3517 ¹)
254 3450 386 3520 quamdiu
401 3450 499 3520 Syriae
517 3452 577 3504 tum
592 3447 752 3520 praefuerit,
770 3466 827 3504 nou
839 3451 955 3506 constat.
992 3449 1037 3505 Ab
1050 3465 1122 3505 anno
1138 3452 1171 3505 10
1184 3453 1258 3506 certe

146 3535 257 3606 Syriam
277 3538 397 3593 obtinuit
414 3538 447 3605 Q.
462 3536 598 3592 Caecilius
610 3537 740 3592 Metellus
753 3536 1005 3594 Creticus-Silanus
1025 3537 1161 3606 (Momms.
1174 3555 1218 3594 res
1233 3555 1257 3608 g.

165 3628 206 3678 .l
303 3667 309 3680 .

143 3640 162 3693 p
209 3624 320 3782 {mh
341 3729 384 3782 ep.
398 3712 444 3783 IV,
462 3730 490 3782 p.
510 3713 560 3769 537
580 3730 641 3784 sqq.
660 3681 705 3768 res
724 3715 793 3783 gest.
813 3731 840 3782 p.
856 3715 915 3783 166,
933 3717 959 3772 7.
996 3711 1029 3769 cf.
1043 3714 1146 3784 Zumpt
1163 3715 1180 3770 l.
1194 3714 1212 3773 l.
1235 3712 1258 3784 I,

143 3817 170 3868 p·
193 3801 709 3960 12))18ξέ11111111111(1111111111
728 3891 773 3958 68)
793 3889 922 3946 discimus
941 3907 1005 3946 eum
1021 3889 1106 3948 irrisae
1128 3891 1258 3959 nepotem

142 3976 173 4036 L.
194 3977 317 4034 Domitii.
358 3976 391 4037 cf.
411 3977 531 4033 iudicem
548 3976 646 4032 Dionis
666 3977 727 4035 libr.
747 3977 992 4035 5411111111.

1064 4065 1098 4120 ἓ*
