2984 4852
602 347 865 458 -23-'

233 602 289 660 Hie
310 602 415 660 Cossus
435 601 586 660 Cornelius
606 603 757 675 Lentulus,
783 603 972 662 Gaetulorum
992 605 1102 669 victor,
1130 605 1267 663 triumvir

154 698 211 756 fuit
230 698 407 774 monetalis¹)
428 705 494 771 post
514 716 539 759 a.
557 701 597 758 18.
608 717 634 761 a.
651 700 728 773 Chr,
750 702 849 758 consul
870 719 894 759 a.
914 704 926 758 l
944 718 970 760 a.
987 701 1054 760 Chr.
1076 717 1110 759 ac
1124 701 1264 760 victoriae

154 796 346 854 testimonium
361 797 448 854 ctiam
461 797 492 854 in
506 813 664 869 cognomen
677 798 729 856 filii
750 799 880 859 contulit.
903 797 989 872 (Veli.
1002 799 1041 868 Π,
1060 800 1129 858 116.
1148 796 1184 858 cf.
1196 799 1267 856 Bor·

154 893 232 964 ghes.
254 908 320 966 opp.
341 893 399 960 ΙΠ,
423 911 451 966 p.
473 894 557 969 324).

231 989 272 1063 b)'
303 989 372 1047 Jam
392 991 540 1049 audiamus
560 992 693 1049 Tacitum
714 991 791 1066 (aun.
807 990 858 1063 IV,
873 992 939 1066 44):
965 991 1055 1060 ,obiit
1069 1009 1148 1050 auno
1172 994 1209 1051 25
1224 994 1269 1050 uir

153 1087 257 1144 nobilis
271 1086 328 1146 Cu.
343 1087 529 1158 Lentulus,
549 1089 596 1145 cui
609 1104 696 1160 super
709 1089 888 1147 consulatum
903 1094 932 1146 et
945 1089 1135 1160 triumphalia
1150 1089 1268 1162 degetes

153 1183 237 1260 (sict)
257 1184 369 1256 gloriae
390 1185 486 1243 fuerat
511 1185 583 1243 bene
608 1187 732 1244 tolerata
759 1191 928 1259 paupertas,
960 1186 1027 1244 dein
1053 1203 1176 1259 maguae
1197 1202 1268 1259 opes

152 1280 318 1340 innocenter
337 1287 440 1352 partae
461 1287 492 1339 et
512 1281 639 1340 modeste
659 1283 803 1342 habitae.“
846 1283 947 1342 Oritur
967 1284 1106 1354 quaestio,
1131 1298 1199 1340 num
1219 1284 1267 1342 hic

153 1377 203 1434 Cn.
226 1379 369 1435 Lentulus
390 1379 429 1435 sit
449 1378 525 1436 idem
545 1395 588 1450 ac,
611 1395 694 1450 quern
714 1395 801 1452 supra
820 1380 1110 1438 commemoravimus¹
1156 1380 1272 1439 Codicis

154 1473 280 1531 Medicei
307 1475 461 1532 lectionem
489 1474 640 1548 uegetos,
673 1492 736 1534 cum
761 1482 847 1534 antea
872 1477 913 1554 ,de
938 1475 1081 1535 Gaetulis’
1113 1478 1271 1535 scribentes

155 1574 234 1627 recte
249 1570 413 1629 emendasse
429 1572 485 1629 sibi
498 1572 698 1647 viderentur2),
720 1588 810 1644 nuper
823 1573 1018 1645 Nipperdeins
1040 1572 1099 1647 (ad.
1114 1574 1149 1633 Τ,
1164 1574 1198 1630 A.
1215 1573 1268 1645 lV,

154 1665 206 1739 44)
220 1667 345 1738 vestigia
359 1668 466 1726 codicis
479 1686 610 1740 premens
631 1670 674 1744 ,de
687 1669 780 1728 Getis'
798 1670 949 1743 legendum
963 1686 1025 1728 esse
1040 1670 1103 1728 iure
1118 1670 1269 1746 consulti)

153 1762 296 1822 Nimirum
321 1765 410 1823 multo
435 1765 549 1824 facilius
574 1767 637 1826 fieri
657 1769 763 1840 potuit,
795 1772 827 1825 ut
853 1769 990 1826 librarius
1017 1767 1154 1837 fortasse,
1189 1767 1269 1825 cuius

153 1861 248 1919 animo
269 1864 474 1922 obversaretur
493 1864 597 1923 Dionis
618 1871 648 1923 et
667 1864 765 1925 Vellei
788 1865 837 1924 ille
857 1861 1011 1922 Cornelius
1032 1862 1137 1922 Cossus
1159 1862 1270 1922 Gaetu-

152 1957 225 2016 licus
251 1958 472 2031 triumphalibus
497 1963 666 2032 honoratus,
698 1962 877 2020 delectione
899 1962 1031 2019 dubitans
1052 1959 1149 2018 Taciti
1174 1961 1269 2018 locum

153 2059 281 2113 mutaret
302 2055 331 2111 iu
353 2056 398 2130 ,de
419 2057 574 2129 Gaetulis',
607 2074 692 2129 quam
712 2063 745 2116 ut
769 2059 923 2116 lectionem
945 2056 1092 2130 ,Gaetulis'
1115 2057 1145 2113 in
1168 2055 1268 2132 ,Getis'

153 2154 267 2208 mutans
288 2152 359 2210 duos
379 2153 519 2212 Lentulos
541 2159 695 2214 statueret.

233 2247 373 2318 Quoniam
394 2251 491 2309 Taciti
510 2251 591 2308 illum
611 2250 663 2310 Cn.
686 2252 840 2309 Lentulum
860 2267 878 2308 a
898 2249 1033 2308 Cornelio
1049 2249 1137 2308 Cosso
1161 2249 1270 2308 Gaetu-

153 2345 209 2402 lico
230 2347 433 2404 secernendum
454 2364 516 2406 esse
538 2350 706 2418 censuimus,
728 2349 775 2406 cui
794 2347 954 2406 sententiae
974 2347 1061 2405 etiam
1080 2346 1171 2418 favet,
1195 2346 1270 2418 quod

153 2441 247 2500 victor
268 2443 454 2502 Gaetulorum
479 2461 623 2517 nunquam
642 2446 807 2504 nominatur
827 2444 877 2528 Cu.
899 2444 1055 2513 LentuluS,
1088 2443 1138 2501 sed
1159 2459 1270 2516 semper

154 2538 305 2598 Cornelius
320 2541 423 2600 Cossus
437 2548 488 2600 aut
501 2541 614 2615 Cossus,
636 2543 728 2601 oritur
743 2542 884 2614 quaestio,
906 2557 961 2611 quo
976 2546 1107 2612 tempore
1121 2539 1175 2598 Cn.
1192 2540 1270 2598 Len-

153 2637 230 2696 tulus
250 2638 437 2711 triumphalia
462 2639 499 2697 de
519 2638 599 2698 Getis
624 2640 745 2712 adeptus
770 2640 817 2698 sit.
858 2643 902 2697 Ac
926 2638 1049 2710 primum
1076 2637 1206 2708 quidem,
1237 2643 1271 2694 ut

155 2734 320 2793 omittamus
340 2737 516 2794 monumenti
537 2737 721 2811 Ancyranil),
753 2736 826 2794 unde
851 2736 922 2793 nihil
947 2735 1042 2793 elucet
1068 2734 1103 2792 de
1125 2739 1267 2805 tempore,

153 2830 258 2899 locum,
292 2833 500 2891 consideranda
530 2839 596 2891 suut
620 2835 708 2891 verba
732 2832 813 2890 Flori
837 2832 887 2908 (II,
917 2830 986 2906 28)ε
1017 2831 1093 2889 Daci
1123 2830 1269 2888 montibus

153 2926 313 2988 inhaerent.
354 2929 424 2987 Inde
445 2929 590 2988 Cotisonis
610 2931 689 3002 regis
709 2929 831 3001 imperio
852 2926 945 3002 (Suet.
961 2925 1040 3002 Aug.
1057 2928 1108 2986 63:
1132 2926 1269 2995 Cotisoni,

156 3023 295 3081 Getarum
315 3025 392 3098 regi)
416 3025 569 3083 decurrere
590 3026 720 3083 solebant
740 3029 770 3082 et
793 3025 887 3082 vicina
912 3023 1059 3096 populari.
1100 3023 1200 3080 Visum
1226 3027 1271 3079 est

155 3119 272 3179 Caesari
296 3119 428 3193 Augusto
458 3126 575 3193 gentem
606 3122 686 3179 aditu
715 3119 914 3194 difficillimam
948 3134 1131 3177 summovere.
1179 3119 1269 3177 Misso

155 3217 247 3288 igitur
276 3217 401 3275 Lentulo
432 3219 510 3276 ultra
540 3219 706 3276 ulteriorem
735 3217 843 3290 repulit
873 3217 982 3290 ripam,
1017 3215 1092 3273 citra
1123 3214 1269 3287 praesidia

156 3315 321 3373 constituta.
363 3315 411 3372 Sic
430 3320 492 3372 turn
512 3315 606 3374 Dacia
626 3331 683 3373 non
702 3315 794 3384 victa,
826 3313 876 3372 sed
899 3318 1041 3371 summota
1067 3317 1153 3383 atque
1174 3311 1267 3368 dilata

155 3416 209 3471 est.
250 3411 289 3482 11,
318 3411 370 3470 29:
402 3411 479 3469 idem
503 3413 642 3470 Lentulus
669 3412 817 3469 Sarmatas
846 3411 994 3484 prohibuit
1021 3408 1205 3469 aDanuvio.
1231 3439 1269 3450 -

155 3545 368 3554 -———-

228 3631 248 3698 ¹)
268 3628 302 3684 ci.
320 3629 454 3699 Borghes.
473 3645 537 3700 opp.
556 3629 589 3698 V,
608 3646 634 3698 p.
654 3631 714 3684 300.
736 3631 795 3697 127,
816 3630 867 3682 214
886 3643 927 3698 sq.

228 3719 250 3786 ²)
267 3718 310 3772 uti
328 3717 485 3787 Zumptius:
505 3733 602 3772 comm.
623 3717 709 3786 epigr.
728 3715 764 3783 ll,
784 3733 812 3785 p.
832 3717 864 3770 91
884 3731 926 3786 sq.

228 3805 250 3874 ³)
270 3805 379 3862 dubitat
397 3805 557 3861 Honzeuus:
576 3807 628 3860 act.
648 3803 681 3860 fn.
700 3805 767 3860 Ans.
785 3803 841 3858 iud.
860 3821 887 3873 p.
909 3805 969 3861 183.

227 3895 249 3960 ⁴)
267 3910 342 3955 mou.
354 3894 457 3965 Ancyr.
476 3895 502 3961 5,
521 3896 556 3948 47
575 3891 761 3962 Nipperdeius
781 3891 816 3947 ad
834 3891 945 3947 Lentuli
965 3907 988 3947 a.
1005 3893 1037 3946 10
1050 3907 1075 3946 a.
1088 3889 1154 3958 Chr.
1173 3905 1271 3960 repor-

156 3985 243 4037 tatam
261 3981 620 4052 victoriam,·ldommsenus
640 3982 695 4049 (res
719 3996 744 4049 g.
766 3997 794 4049 p.
809 3982 870 4048 129)
889 3980 991 4035 rectius
1011 3979 1046 4034 ad
1064 3978 1271 4048 expeditionem

157 4071 260 4127 Tiberii
278 4089 302 4128 a.
324 4074 409 4126 12-9
430 4087 453 4127 a.
474 4070 537 4129 Chr.
556 4069 660 4124 factam
678 4069 795 4127 rettulit.
