2984 4852
651 411 841 472 ,7.-

651 662 737 767 Gap.
765 659 832 746 IV.

245 829 350 920 Quae
377 829 474 902 inter
501 831 724 903 ornamenta
750 826 992 920 triumphalia
1019 831 1243 920 statuasque

450 953 659 1026 intercedat
684 951 792 1042 rati0,
821 952 1032 1044 exponitur.

265 1127 371 1186 Tradit
392 1126 507 1186 Cassius
527 1126 584 1186 Dio
607 1126 682 1200 (LV,
708 1126 759 1202 10)
781 1143 807 1186 0.
830 1126 888 1186 201
911 1126 989 1197 010,
1011 1141 1074 1185 cunr
1095 1127 1181 1186 00100
1194 1129 1300 1188 Martis

185 1223 297 1285 Ultoris
311 1227 341 1283 in
360 1225 424 1284 foro
445 1226 575 1297 Augusti
596 1224 819 1299 dedicaretur¹),
846 1224 1032 1283 constitutum
1054 1241 1125 1296 esse,
1147 1230 1188 1298 ut,
1210 1226 1236 1284 si
1256 1227 1304 1285 cui

186 1323 346 1396 triumphus
367 1327 418 1382 aut
438 1328 608 1380 omameuta
626 1322 813 1394 triumphalia
834 1323 1065 1394 decernerentur,
1088 1322 1183 1380 eidem
1206 1329 1304 1382 statua

187 1438 278 1479 aenea
303 1421 333 1478 in
358 1419 421 1478 foro
446 1420 573 1491 Augusti
604 1420 774 1491 erigeretur.
819 1420 950 1491 Namque
975 1420 1035 1495 hoc¹
1055 1419 1172 1489 quidam
1200 1420 1304 1480 Dionis

187 1519 251 1576 1000
265 1517 362 1577 verbis
384 1517 464 1586 ,τοὺς
477 1516 525 1580 τὰς
539 1515 681 1580 ἐπινικίους
693 1516 772 1593 τιμὰς
787 1515 972 1593 λαμβάνοντας
986 1515 1015 1573 ἐν
1028 1518 1063 1594 τῇ
1078 1515 1163 1595 ἀγορᾷ
1183 1519 1304 1596 χαλκοῦς

186 1613 327 1673 tacetur
352 1619 464 1674 statuas
483 1615 515 1672 in
534 1615 598 1674 toro
613 1614 739 1689 Augusti
759 1631 851 1687 neque
871 1615 902 1672 10
922 1613 984 1672 foro
1005 1615 1134 1672 Romano
1158 1615 1304 1687 ponendas

190 1713 347 1785 significari
367 1714 574 1772 sentcntiamm
594 1730 683 1772 nexus
708 1713 817 1772 suadet.
858 1712 994 1788 Quisquis
1015 1712 1107 1784 igitur
1133 1715 1201 1769 0010
1231 1711 1306 1770 diem

189 1812 293 1870 mensis
313 1812 416 1870 Martii
436 1812 505 1869 anni
525 1814 543 1870 2
565 1829 591 1870 a.
614 1811 682 1872 Chr.
704 1812 901 1871 duodecimum
921 1814 1091 1869 ornamenta
1118 1809 1308 1883 triumphalia

190 1908 311 1980 adeptus
333 1914 391 1979 001,
422 1915 520 1968 statua
545 1910 572 1967 ei
597 1925 686 1967 aenea
714 1911 744 1967 in
764 1909 827 1966 foro
848 1909 970 1981 Augusti
996 1909 1092 1980 posita
1106 1923 1171 1966 non
1192 1908 1305 1981 obtigit.

190 2005 261 2063 Inde
282 2010 377 2064 autem
398 2008 434 2063 ab
454 2007 509 2064 hcc
529 2011 672 2079 tempore,
699 2007 724 2064 01
745 2007 812 2077 quis
828 2006 989 2078 accipiebat
1009 2009 1178 2063 ornamenta
1202 2004 1304 2062 triom-

191 2102 303 2172 phalis,
335 2103 418 2161 simul
443 2102 595 2161 adsecutus
620 2103 757 2174 osthane
782 2108 922 2172 statuam,
947 2118 1020 2172 quae
1042 2118 1106 2159 cum
1127 2102 1307 2160 ornamentis

192 2199 263 2258 0100
285 2201 367 2272 quasi
391 2201 509 2273 coaluit,
542 2205 576 2258 ut
599 2201 754 2274 scriptores
779 2205 892 2261 veteres
919 2204 1091 2259 ornamenta
1117 2197 1307 2271 triumphalia
1411 2219 1414 2223 ·

192 2297 278 2356 alicui
309 2299 428 2357 decreta
452 2314 514 2356 esse
538 2296 730 2370 significaturi
753 2302 866 2356 statuae
897 2296 1071 2355 mentionem
1103 2312 1160 2354 000
1185 2295 1304 2354 1001001.

192 2395 272 2454 Idem
293 2379 373 2454 cadit
391 2396 422 2453 in
442 2395 652 2469 inscriptiones.
694 2395 765 2453 Fuit
790 2395 882 2467 igitur
900 2395 967 2453 inde
989 2395 1025 2452 ab
1047 2410 1122 2451 anno
1152 2392 1216 2452 2a.
1240 2392 1306 2452 Chr.

191 2497 288 2551 statua
309 2509 400 2552 aenea
420 2494 497 2552 iuter
517 2494 641 2566 insignia
660 2493 807 2567 triumphi.
876 2513 878 2516 ·

266 2577 337 2650 ,dam
350 2591 572 2664 progrediamur
585 2591 621 2650 ad
634 2591 728 2649 locum
742 2589 838 2648 Taciti
859 2589 939 2664 (anu.
955 2589 1004 2656 IV,
1021 2588 1072 2664 23)
1093 2589 1306 2660 gravissimum:

196 2688 326 2760 ,iamque
346 2693 407 2745 tres
419 2688 569 2746 laureatae
589 2689 619 2745 iu
633 2687 703 2746 urbe
717 2692 847 2746 statuae“
866 2685 913 2762 (L.
928 2687 1059 2758 Apronii,
1080 2685 1169 2745 Furii
1183 2686 1307 2760 Camilli,

104 2861 108 2868 1
192 2781 1133 2860 10011Β10001),010111000001010111101000100100100011.
1170 2782 1309 2841 Animad-

111 2879 114 2888 '
194 2886 291 2940 vertas
312 2897 330 2940 a
351 2882 454 2940 Tacito
474 2883 546 2940 locis
570 2879 829 2956 antecedentibus²)
853 2881 926 2938 nihil
949 2880 1033 2952 prodi
1059 2877 1114 2938 nisi
1141 2886 1309 2938 ornamenta

196 2978 384 3049 triumphalia
404 2978 521 3037 decreta
541 2994 603 3037 0000
621 2977 748 3051 Apronio
771 2978 848 3052 (000.
863 2979 885 3050 Ι,
902 2975 961 3052 72),
984 2976 1104 3035 Camillo
1126 2977 1230 3053 (ihil,
1246 2977 1308 3052 52),

193 3074 299 3133 Blaeso
330 3074 382 3149 (ib.
410 3075 466 3147 ΙΙΙ,
493 3074 559 3150 72),
591 3091 762 3146 quamquam
793 3075 906 3133 eosdem
937 3079 1000 3132 tum
1030 3074 1135 3132 statuis
1167 3074 1308 3133 laureatis

63 3197 66 3204 ·
131 3249 134 3257 Ι
194 3171 348 3229 honoratos
374 3188 436 3231 0000
461 3172 588 3231 ciusdem
612 3172 675 3231 1000
702 3167 764 3248 (IV,
792 3171 844 3247 23)
870 3172 1021 3230 evincitur.
1063 3170 1148 3243 Inde,
1181 3172 1309 3244 quisquis

195 3268 341 3340 acceperit
372 3273 542 3327 ornamenta
571 3269 763 3343 triumphalia,
795 3269 878 3327 simul
911 3269 1055 3338 ,statuam
1085 3268 1246 3327 laureatam
1277 3269 1309 3327 in

188 3367 284 3423 .urb·e“
317 3365 452 3438 adeptum
483 3383 545 3424 0000
575 3366 653 3425 haud
683 3371 853 3425 cunctanter
884 3365 1087 3426 concludimus.
1132 3365 1221 3439 Nam,
1254 3365 1309 3426 nisi

195 3479 310 3535 semper
330 3467 428 3521 statua
440 3464 571 3522 laureata
585 3464 668 3522 simul
689 3479 753 3522 cum
767 3461 941 3522 ornamentis
955 3463 1177 3535 triumphalibus
1192 3463 1309 3522 decreta

196 3564 280 3631 esset,
311 3559 432 3620 Tacitus
462 3561 535 3619 locis
564 3561 623 3620 illis
654 3564 731 3634 (ann.
757 3563 781 3628 Ι,
807 3563 854 3620 72.
880 3561 919 3630 ΙΙ,
945 3561 993 3640 12.
1019 3560 1075 3628 ΙΙΙ,
1104 3560 1156 3635 72)
1187 3560 1310 3620 debebat

147 3729 153 3744 Ι
196 3657 336 3717 scribere:
361 3657 504 3730 ,insignia
522 3659 712 3731 triumphalia
733 3663 763 3717 et
782 3664 880 3717 statua
899 3659 1059 3716 laureata“.

276 3755 394 3828 Itaque,
421 3773 485 3814 curu
504 3759 580 3814 teste
600 3756 693 3816 Dione
713 3756 788 3832 (LV,
812 3755 863 3831 10)
884 3771 981 3816 omnes
1002 3756 1041 3826 ei,
1067 3756 1117 3827 qui
1137 3756 1311 3815 omanrentis

270 3943 290 4012 ¹)
310 3940 343 3997 ci.
362 3940 433 3997 Vell.
451 3939 488 4010 11,
508 3942 568 3997 100.
604 3937 766 3996 Mommsen.
789 3939 825 3995 ad
844 3938 874 3996 G.
892 3938 914 3996 Ι.
933 3938 965 3998 L.
983 3936 1007 4010 1,
1024 3955 1052 4008 p.
1071 3939 1139 4009 393,
1162 3953 1216 3994 res.
1240 3941 1310 4008 gest.

197 4029 253 4085 divi
270 4031 392 4100 Augusti
411 4029 487 4099 (0111.
506 4028 534 4084 Π
552 4028 644 4084 Berol.
666 4031 744 4098 1883)
764 4045 791 4099 p.
809 4030 854 4084 88.
909 4067 911 4072 -

269 4120 292 4188 ²)
310 4119 373 4175 vide
391 4117 464 4174 iufra
482 4120 554 4189 part.
573 4116 611 4188 II,
630 4133 652 4173 c.
671 4116 707 4176 II.
