2984 4852
590 395 809 457 ..25-

143 604 297 662 Eduardus
317 603 462 680 Schmid)
484 604 615 662 refutare
635 610 755 663 conatus
776 610 821 663 est
846 606 939 664 causis
961 605 998 663 ad
1023 606 1260 680 disceptationem

144 704 260 776 penitus
281 701 470 760 dirimendam
491 717 670 774 nequaquam
690 702 808 761 idoneis.
850 701 946 775 Quare
967 703 1070 760 mirum
1090 703 1185 762 videri
1205 721 1261 760 non

146 804 243 872 potest
255 800 387 858 Reimari
401 799 564 871 opinionem
577 800 635 858 iam
648 800 768 873 pridem,
788 805 821 857 ut
833 798 993 869 videbatur,
1015 801 1157 858 abiectam
1170 817 1262 874 nuper

143 897 292 974 revixisse.
334 897 452 955 Etenim
471 896 615 956 Henrious
640 898 771 955 Brandes
794 899 937 956 sententia
961 894 1109 972 primum²)
1134 899 1262 957 breviter

145 995 273 1053 indicata
294 995 351 1052 alio
371 993 460 1068 16661)
491 1011 566 1052 nova
596 994 808 1053 dubitationum
838 999 983 1053 momenta
1013 994 1128 1068 adiecit,
1161 997 1261 1066 quibus

143 1093 253 1164 primus
286 1092 388 1150 Victor
418 1091 658 1166 Gardthausenl),
690 1096 756 1164 post
786 1091 860 1149 huno
891 1091 1066 1165 Theophilus
1089 1088 1259 1168 Luttgort),

143 1187 266 1247 Carolus
287 1189 454 1263 8611166611)
476 1189 603 1247 oblocuti
622 1194 698 1258 sunt,
719 1205 784 1246 curn
805 1189 950 1247 Arnoldus
970 1189 1107 1247 Schaeler
1114 1187 1137 1263 ⁷)
1163 1196 1261 1263 partes

144 1291 312 1358 sequeretur
332 1285 493 1352 Brandesii,
525 1285 573 1356 qui
598 1281 725 1360 postea⁸)
758 1286 920 1358 opinionem
944 1303 1026 1343 suam
1045 1287 1122 1344 tueri
1143 1292 1261 1344 conatus

147 1388 191 1442 est
211 1383 387 1456 argumentis
412 1399 448 1440 ex
474 1382 516 1439 eis
536 1381 632 1439 Ovidii
651 1382 743 1451 libris,
770 1383 820 1453 qui
840 1383 1033 1440 inscribuntur
1056 1384 1204 1455 ‘epistolae
1225 1401 1261 1441 ex

145 1480 249 1538 Ponto'
273 1484 303 1536 61
325 1479 440 1537 ‘tristia’
462 1479 570 1552 petitis.
611 1479 672 1537 Neo
692 1485 789 1536 tamen
810 1479 846 1537 de
868 1480 1006 1549 omnibus,
1037 1496 1107 1551 quas
1136 1480 1180 1537 illi
1205 1480 1262 1538 viri

149 1576 227 1637 docti
247 1577 437 1648 protulerunt,
460 1577 555 1634 causis
568 1577 733 1650 singulatim
746 1576 874 1635 iudicare
887 1576 958 1637 mihi
973 1579 1017 1634 est
1037 1577 1068 1634 in
1088 1576 1191 1646 animo,
1212 1577 1261 1635 sed

144 1674 300 1732 sententias
321 1675 384 1731 iure
404 1674 533 1745 prolatas
555 1673 804 1746 comprehendisse
826 1678 855 1731 61
869 1690 963 1746 pauca
977 1672 1123 1732 addidisse
1143 1678 1190 1731 sat
1210 1674 1261 1731 ha-

141 1769 224 1830 bebo.
259 1771 403 1843 Equidem
423 1771 594 1830 examinatis
614 1776 742 1829 veterum
761 1771 934 1828 testimoniis
948 1787 981 1828 eo
996 1771 1123 1844 perveni,
1144 1776 1178 1828 ut
1191 1771 1261 1828 mihi

140 1863 345 1942 persuaderem
365 1884 391 1926 a.
413 1870 431 1926 9
453 1884 588 1941 pugnam,
615 1867 650 1926 dc
671 1884 728 1939 qua
748 1868 851 1939 agitur,
877 1867 955 1926 haud
976 1867 1062 1927 dubie
1083 1867 1260 1926 commissam

140 1982 212 2024 esse.
256 1965 411 2024 Ordiamur
432 1982 450 2022 a
471 1963 571 2022 Cassio
591 1965 694 2034 Dione,
717 1965 767 2036 qui
787 1966 839 2023 sub
860 1981 935 2023 anno
956 1966 973 2022 9
995 1970 1259 2036 rerumgestarum

142 2064 217 2121 hunc
236 2062 297 2121 fere
317 2060 438 2136 praebet
458 2062 599 2119 ordinem:

221 2161 300 2230 LVI,
324 2178 347 2218 6.
373 2163 401 2218 l:
422 2176 491 2219 vere
511 2160 579 2217 anui
600 2162 617 2218 9
639 2159 773 2230 Tiberius
793 2161 914 2218 Romam
932 2160 1018 2219 redit.

221 2275 243 2315 6.
269 2260 318 2315 ll:
342 2257 465 2329 quaein
477 2257 628 2316 Dalmatia
649 2262 751 2315 contra
772 2258 891 2316 castella
912 2290 950 2299 -
972 2255 1138 2330 Splaunum,
1160 2256 1258 2315 Rhae-

139 2356 241 2427 tiuum,
264 2355 406 2414 Seretium
428 2389 464 2398 -
486 2355 517 2413 in
537 2353 681 2414 montibus
701 2356 797 2427 posita
817 2371 920 2430 magno
943 2370 1006 2413 cum
1026 2354 1125 2412 labore
1141 2354 1257 2412 Germa·

142 2452 223 2510 nicus
242 2452 371 2524 gesserit,
394 2452 541 2512 describit.

222 2567 246 2609 6.
270 2551 320 2607 12:
343 2549 535 2626 μηκυνομένου
556 2551 603 2608 τοῦ
625 2549 747 2625 πολέμου
765 2549 812 2607 τὸν
826 2547 946 2626 Τιβέριον
965 2545 1148 2623 ὀΑὔγουστος
1170 2547 1197 2612 ἐς
1210 2549 1258 2623 τὴν

142 2644 295 2721 helperico
317 2643 394 2710 αὖθις
414 2649 527 2724 ἔπεμψε.
695 2701 701 2713 ,

221 2760 245 2803 o.
273 2746 323 2803 13:
359 2742 519 2802 Anderium
544 2777 582 2786 -
611 2744 718 2802 rectius
741 2743 911 2801 Andetrium
939 2740 1074 2816 diciturl)
1102 2741 1149 2817 (0.
1174 2744 1195 2799 I.
1222 2742 1256 2800 L.

142 2839 198 2911 ΠΙ,
215 2840 308 2915 3200)
331 2873 358 2882 -
373 2841 484 2914 magnis
497 2857 561 2898 oum
576 2840 723 2899 laboribus
738 2844 927 2914 oppugnatur,
949 2840 1024 2897 Bato
1039 2857 1120 2897 arma
1134 2839 1257 2911 deponit.

213 3025 235 3093 ¹)
253 3024 307 3094 Ap.
326 3021 556 3079 Erash-Gruber:
584 3023 704 3091 ‘allgem
722 3022 836 3092 Encyol.
859 3022 909 3077 der
927 3021 1006 3076 Wiss.
1025 3039 1052 3080 11.
1071 3021 1188 3076 Klinste‘
1207 3023 1258 3078 sub

141 3113 219 3168 artic.
237 3110 547 3166 ‘Hermannsschlacht’.
919 3119 924 3128 ²

212 3201 235 3270 ²)
254 3199 384 3256 Litterar.
405 3199 556 3258 Gentralbl.
578 3199 645 3254 1875
664 3214 709 3254 no.
728 3199 771 3257 45.
791 3215 832 3269 sp.
853 3201 929 3253 1446.

212 3290 234 3358 ³)
253 3289 356 3345 ‘Neues
374 3290 469 3346 Reich'
491 3290 568 3360 1875,
587 3288 609 3359 I,
627 3305 654 3359 p.
673 3291 725 3344 746
745 3304 806 3359 sqq.

211 3379 235 3450 ⁴)
254 3378 371 3435 Jahrbb.
389 3377 408 3434 1.
426 3377 498 3434 Phil.
517 3396 543 3437 u.
562 3377 665 3446 Pidag.
687 3379 754 3432 1876
773 3394 800 3447 p.
820 3378 969 3432 alb-248.

139 3481 142 3484 ·
214 3467 238 3536 ⁵)
257 3467 373 3524 Jahrbb.
391 3467 428 3524 ib.
448 3483 476 3537 p.
494 3467 644 3522 541-544.

213 3555 235 3625 1)
255 3557 291 3612 ib.
310 3572 337 3626 p.
351 3556 502 3611 544-549.
535 3554 675 3610 Theodori
686 3553 817 3609 Matthias
830 3553 1025 3608 commentatio
1039 3553 1068 3621 (J
1070 3553 1166 3609 ahrbb.
1181 3555 1259 3623 1884,

141 3663 169 3716 p.
191 3647 342 3713 193-216)
360 3645 391 3699 in
408 3660 507 3698 manus
525 3645 602 3699 venit
619 3644 675 3698 iam
697 3643 824 3699 absoluta
842 3642 894 3697 hac
912 3642 1115 3698 dissertatione.

212 3735 233 3803 ⁷)
252 3733 289 3789 ib.
308 3750 337 3802 p.
355 3733 505 3790 248-250.

212 3821 234 3891 8)
255 3821 371 3878 Jahrbb.
393 3823 460 3876 1877
482 3838 510 3890 p.
529 3822 679 3877 asa-360.
703 3819 737 3877 61.
756 3820 906 3877 Schrader:
935 3820 1051 3876 Jahrbb.
1072 3822 1140 3875 1877
1159 3835 1186 3889 p.
1206 3821 1258 3874 846

144 3911 239 3967 -850,
258 3910 338 3966 Edm.
351 3909 459 3982 Meyer:
479 3909 612 3969 Zeitschr.
631 3908 651 3966 f.
664 3910 690 3967 d.
704 3909 915 3982 Gymn.·Wesen
932 3907 1035 3964 XXXII
1054 3908 1147 3979 (1878)
1166 3924 1193 3978 p.
1206 3910 1258 3963 449

141 4002 237 4056 -461,

212 4088 234 4159 ⁹)
254 4087 288 4144 61.
306 4088 447 4144 Β61161166
466 4088 495 4143 di
513 4087 689 4158 archeologia
707 4104 722 4143 6
741 4088 828 4144 616116
845 4086 976 4142 Dalmata
1001 4088 1069 4141 1878
1093 4101 1120 4155 p.
1141 4088 1199 4141 122.
