<?xml version="1.0" encoding="UTF-8"?>
<!DOCTYPE html PUBLIC "-//W3C//DTD XHTML 1.0 Transitional//EN"
    "http://www.w3.org/TR/xhtml1/DTD/xhtml1-transitional.dtd">
<html xmlns="http://www.w3.org/1999/xhtml" xml:lang="en" lang="en">
 <head>
  <title>
</title>
<meta http-equiv="Content-Type" content="text/html;charset=utf-8" />
  <meta name='ocr-system' content='tesseract 3.04.00' />
  <meta name='ocr-capabilities' content='ocr_page ocr_carea ocr_par ocr_line ocrx_word'/>
</head>
<body>
  <div class='ocr_page' id='page_1' title='image "./deornamentistri00peingoog_0023.png"; bbox 0 0 2984 4852; ppageno 0'>
   <div class='ocr_carea' id='block_1_1' title="bbox 678 400 899 462">
    <p class='ocr_par' dir='ltr' id='par_1_1' title="bbox 678 400 899 462">
     <span class='ocr_line' id='line_1_1' title="bbox 678 400 899 462; baseline 0 -16"><span class='ocrx_word' id='word_1_1' title='bbox 678 400 899 462; x_wconf 75' lang='lat'>...14-</span> 
     </span>
    </p>
   </div>
   <div class='ocr_carea' id='block_1_2' title="bbox 229 599 1350 978">
    <p class='ocr_par' dir='ltr' id='par_1_2' title="bbox 229 599 1350 978">
     <span class='ocr_line' id='line_1_2' title="bbox 231 599 1350 688; baseline 0 -15"><span class='ocrx_word' id='word_1_2' title='bbox 231 613 339 673; x_wconf 90' lang='lat' dir='ltr'>meruit</span> <span class='ocrx_word' id='word_1_3' title='bbox 360 612 431 688; x_wconf 92' lang='lat' dir='ltr'>(Dio</span> <span class='ocrx_word' id='word_1_4' title='bbox 452 611 534 682; x_wconf 90' lang='lat' dir='ltr'>LlV‚</span> <span class='ocrx_word' id='word_1_5' title='bbox 559 599 604 672; x_wconf 83' lang='lat'>3&#39;3.</span> <span class='ocrx_word' id='word_1_6' title='bbox 627 611 706 672; x_wconf 88' lang='lat' dir='ltr'>Suet.</span> <span class='ocrx_word' id='word_1_7' title='bbox 730 609 829 670; x_wconf 84' lang='lat' dir='ltr'>Claud.</span> <span class='ocrx_word' id='word_1_8' title='bbox 855 610 896 686; x_wconf 94' lang='lat'>1),</span> <span class='ocrx_word' id='word_1_9' title='bbox 918 611 973 670; x_wconf 93' lang='lat' dir='ltr'>hoc</span> <span class='ocrx_word' id='word_1_10' title='bbox 993 628 1081 670; x_wconf 91' lang='lat' dir='ltr'>unum</span> <span class='ocrx_word' id='word_1_11' title='bbox 1101 617 1216 671; x_wconf 87' lang='lat' dir='ltr'>constat</span> <span class='ocrx_word' id='word_1_12' title='bbox 1229 613 1350 673; x_wconf 76' lang='lat' dir='ltr'>&#39;liberio</span> 
     </span>
     <span class='ocr_line' id='line_1_3' title="bbox 230 709 1350 787; baseline 0.003 -19"><span class='ocrx_word' id='word_1_13' title='bbox 230 712 289 769; x_wconf 90' lang='lat' dir='ltr'>iam</span> <span class='ocrx_word' id='word_1_14' title='bbox 320 727 395 769; x_wconf 91' lang='lat' dir='ltr'>anno</span> <span class='ocrx_word' id='word_1_15' title='bbox 420 709 606 768; x_wconf 76' lang='lat' dir='ltr'>antecedenti</span> <span class='ocrx_word' id='word_1_16' title='bbox 629 709 818 782; x_wconf 80' lang='lat' dir='ltr'>triumphalia</span> <span class='ocrx_word' id='word_1_17' title='bbox 843 709 904 767; x_wconf 93' lang='lat' dir='ltr'>sine</span> <span class='ocrx_word' id='word_1_18' title='bbox 935 709 1069 768; x_wconf 79' lang='lat' dir='ltr'>ovatione</span> <span class='ocrx_word' id='word_1_19' title='bbox 1085 709 1219 768; x_wconf 81' lang='lat' dir='ltr'>decreta</span> <span class='ocrx_word' id='word_1_20' title='bbox 1250 711 1350 787; x_wconf 68' lang='lat' dir='ltr'>esse.)</span> 
     </span>
     <span class='ocr_line' id='line_1_4' title="bbox 229 805 1350 882; baseline 0.002 -16"><span class='ocrx_word' id='word_1_21' title='bbox 229 807 368 878; x_wconf 86' lang='lat' dir='ltr'>Accedit,</span> <span class='ocrx_word' id='word_1_22' title='bbox 400 807 476 879; x_wconf 88' lang='lat' dir='ltr'>quod</span> <span class='ocrx_word' id='word_1_23' title='bbox 500 807 557 866; x_wconf 90' lang='lat' dir='ltr'>Dio</span> <span class='ocrx_word' id='word_1_24' title='bbox 584 805 678 882; x_wconf 90' lang='lat' dir='ltr'>(LIV,</span> <span class='ocrx_word' id='word_1_25' title='bbox 705 806 756 881; x_wconf 84' lang='lat'>24)</span> <span class='ocrx_word' id='word_1_26' title='bbox 787 811 855 879; x_wconf 92' lang='lat' dir='ltr'>post</span> <span class='ocrx_word' id='word_1_27' title='bbox 879 809 971 866; x_wconf 87' lang='lat' dir='ltr'>a.·14</span> <span class='ocrx_word' id='word_1_28' title='bbox 996 824 1021 865; x_wconf 88' lang='lat' dir='ltr'>a</span> <span class='ocrx_word' id='word_1_29' title='bbox 1049 805 1117 865; x_wconf 71' lang='lat' dir='ltr'>(ihr.</span> <span class='ocrx_word' id='word_1_30' title='bbox 1146 807 1265 867; x_wconf 86' lang='lat' dir='ltr'>ducibus</span> <span class='ocrx_word' id='word_1_31' title='bbox 1295 826 1350 881; x_wconf 91' lang='lat' dir='ltr'>pro</span> 
     </span>
     <span class='ocr_line' id='line_1_5' title="bbox 230 904 1349 978; baseline 0.002 -16"><span class='ocrx_word' id='word_1_32' title='bbox 230 905 386 978; x_wconf 84' lang='lat' dir='ltr'>triumphis</span> <span class='ocrx_word' id='word_1_33' title='bbox 412 904 600 976; x_wconf 84' lang='lat' dir='ltr'>triumphalia</span> <span class='ocrx_word' id='word_1_34' title='bbox 626 909 794 962; x_wconf 87' lang='lat' dir='ltr'>ornamenta</span> <span class='ocrx_word' id='word_1_35' title='bbox 819 904 889 962; x_wconf 88' lang='lat' dir='ltr'>data</span> <span class='ocrx_word' id='word_1_36' title='bbox 915 920 977 963; x_wconf 87' lang='lat' dir='ltr'>esse</span> <span class='ocrx_word' id='word_1_37' title='bbox 1004 904 1100 977; x_wconf 92' lang='lat' dir='ltr'>planis</span> <span class='ocrx_word' id='word_1_38' title='bbox 1124 905 1222 965; x_wconf 87' lang='lat' dir='ltr'>verbis</span> <span class='ocrx_word' id='word_1_39' title='bbox 1246 906 1349 964; x_wconf 90' lang='lat' dir='ltr'>tradit.</span> 
     </span>
    </p>
   </div>
   <div class='ocr_carea' id='block_1_3' title="bbox 683 1119 895 1130">
    <p class='ocr_par' dir='ltr' id='par_1_3' title="bbox 683 1119 895 1130">
     <span class='ocr_line' id='line_1_6' title="bbox 683 1119 895 1130; baseline 0 -1"><span class='ocrx_word' id='word_1_40' title='bbox 683 1119 895 1130; x_wconf 63' lang='lat' dir='ltr'>..n——</span> 
     </span>
    </p>
   </div>
   <div class='ocr_carea' id='block_1_4' title="bbox 687 1332 888 1438">
    <p class='ocr_par' dir='ltr' id='par_1_4' title="bbox 687 1332 888 1438">
     <span class='ocr_line' id='line_1_7' title="bbox 687 1332 888 1438; baseline -0.015 -23"><span class='ocrx_word' id='word_1_41' title='bbox 687 1334 773 1438; x_wconf 83' lang='lat' dir='ltr'>top.</span> <span class='ocrx_word' id='word_1_42' title='bbox 802 1332 888 1418; x_wconf 93' lang='lat' dir='ltr'>VII.</span> 
     </span>
    </p>
   </div>
   <div class='ocr_carea' id='block_1_5' title="bbox 284 1498 1295 1592">
    <p class='ocr_par' dir='ltr' id='par_1_5' title="bbox 284 1498 1295 1592">
     <span class='ocr_line' id='line_1_8' title="bbox 284 1498 1295 1592; baseline 0 -19"><span class='ocrx_word' id='word_1_43' title='bbox 284 1500 378 1590; x_wconf 88' lang='lat' dir='ltr'>Quis</span> <span class='ocrx_word' id='word_1_44' title='bbox 405 1499 562 1592; x_wconf 86' lang='lat' dir='ltr'>primus</span> <span class='ocrx_word' id='word_1_45' title='bbox 577 1503 802 1572; x_wconf 85' lang='lat' dir='ltr'>ornamenta</span> <span class='ocrx_word' id='word_1_46' title='bbox 828 1498 1073 1591; x_wconf 88' lang='lat' dir='ltr'>triumphalia</span> <span class='ocrx_word' id='word_1_47' title='bbox 1101 1500 1295 1590; x_wconf 88' lang='lat' dir='ltr'>acceperit.</span> 
     </span>
    </p>
   </div>
   <div class='ocr_carea' id='block_1_6' title="bbox 235 1671 1357 3212">
    <p class='ocr_par' dir='ltr' id='par_1_6' title="bbox 235 1671 1357 3212">
     <span class='ocr_line' id='line_1_9' title="bbox 314 1671 1351 1745; baseline -0.002 -13"><span class='ocrx_word' id='word_1_48' title='bbox 314 1673 449 1732; x_wconf 75' lang='lat' dir='ltr'>Tiberius</span> <span class='ocrx_word' id='word_1_49' title='bbox 472 1678 570 1730; x_wconf 89' lang='lat' dir='ltr'>utrum</span> <span class='ocrx_word' id='word_1_50' title='bbox 601 1672 725 1745; x_wconf 83' lang='lat' dir='ltr'>primus.</span> <span class='ocrx_word' id='word_1_51' title='bbox 741 1671 930 1744; x_wconf 88' lang='lat' dir='ltr'>triumphalia</span> <span class='ocrx_word' id='word_1_52' title='bbox 960 1672 1082 1745; x_wconf 87' lang='lat' dir='ltr'>adeptus</span> <span class='ocrx_word' id='word_1_53' title='bbox 1113 1672 1152 1730; x_wconf 91' lang='lat' dir='ltr'>sit</span> <span class='ocrx_word' id='word_1_54' title='bbox 1179 1688 1282 1742; x_wconf 90' lang='lat' dir='ltr'>neone,</span> <span class='ocrx_word' id='word_1_55' title='bbox 1315 1689 1351 1730; x_wconf 87' lang='lat' dir='ltr'>ne</span> 
     </span>
     <span class='ocr_line' id='line_1_10' title="bbox 235 1769 1352 1843; baseline -0.002 -14"><span class='ocrx_word' id='word_1_56' title='bbox 235 1777 347 1830; x_wconf 90' lang='lat' dir='ltr'>veteres</span> <span class='ocrx_word' id='word_1_57' title='bbox 368 1770 482 1842; x_wconf 92' lang='lat' dir='ltr'>quidem</span> <span class='ocrx_word' id='word_1_58' title='bbox 496 1769 652 1843; x_wconf 83' lang='lat' dir='ltr'>scriptores</span> <span class='ocrx_word' id='word_1_59' title='bbox 666 1769 842 1828; x_wconf 78' lang='lat' dir='ltr'>consensisse</span> <span class='ocrx_word' id='word_1_60' title='bbox 855 1769 997 1829; x_wconf 87' lang='lat' dir='ltr'>videntur.</span> <span class='ocrx_word' id='word_1_61' title='bbox 1038 1769 1163 1842; x_wconf 80' lang='lat' dir='ltr'>Legitur</span> <span class='ocrx_word' id='word_1_62' title='bbox 1178 1769 1255 1827; x_wconf 90' lang='lat' dir='ltr'>enim</span> <span class='ocrx_word' id='word_1_63' title='bbox 1274 1770 1352 1842; x_wconf 91' lang='lat' dir='ltr'>apud</span> 
     </span>
     <span class='ocr_line' id='line_1_11' title="bbox 236 1865 1354 1944; baseline -0.004 -16"><span class='ocrx_word' id='word_1_64' title='bbox 236 1869 404 1928; x_wconf 84' lang='lat' dir='ltr'>Suetonium</span> <span class='ocrx_word' id='word_1_65' title='bbox 425 1868 505 1944; x_wconf 89' lang='lat' dir='ltr'>(Tib.</span> <span class='ocrx_word' id='word_1_66' title='bbox 527 1866 573 1944; x_wconf 84' lang='lat'>9):</span> <span class='ocrx_word' id='word_1_67' title='bbox 597 1883 686 1939; x_wconf 90' lang='lat' dir='ltr'>,quas</span> <span class='ocrx_word' id='word_1_68' title='bbox 707 1868 742 1925; x_wconf 92' lang='lat' dir='ltr'>ob</span> <span class='ocrx_word' id='word_1_69' title='bbox 764 1883 811 1925; x_wconf 90' lang='lat' dir='ltr'>res</span> <span class='ocrx_word' id='word_1_70' title='bbox 832 1866 885 1942; x_wconf 90' lang='lat' dir='ltr'>(so.</span> <span class='ocrx_word' id='word_1_71' title='bbox 899 1865 1049 1941; x_wconf 79' lang='lat' dir='ltr'>Tiberius)</span> <span class='ocrx_word' id='word_1_72' title='bbox 1072 1871 1101 1924; x_wconf 91' lang='lat' dir='ltr'>et</span> <span class='ocrx_word' id='word_1_73' title='bbox 1115 1882 1203 1925; x_wconf 81' lang='lat' dir='ltr'>ovans</span> <span class='ocrx_word' id='word_1_74' title='bbox 1222 1871 1252 1924; x_wconf 89' lang='lat' dir='ltr'>et</span> <span class='ocrx_word' id='word_1_75' title='bbox 1266 1882 1354 1924; x_wconf 91' lang='lat' dir='ltr'>curru</span> 
     </span>
     <span class='ocr_line' id='line_1_12' title="bbox 236 1949 1351 2040; baseline -0.004 -16"><span class='ocrx_word' id='word_1_76' title='bbox 236 1968 336 2025; x_wconf 91' lang='lat' dir='ltr'>urbem</span> <span class='ocrx_word' id='word_1_77' title='bbox 366 1967 513 2039; x_wconf 79' lang='lat' dir='ltr'>ingressus</span> <span class='ocrx_word' id='word_1_78' title='bbox 539 1969 597 2035; x_wconf 90' lang='lat' dir='ltr'>est,</span> <span class='ocrx_word' id='word_1_79' title='bbox 628 1961 747 2040; x_wconf 88' lang='lat' dir='ltr'>prius²)‚</span> <span class='ocrx_word' id='word_1_80' title='bbox 778 1968 812 2023; x_wconf 91' lang='lat' dir='ltr'>ut</span> <span class='ocrx_word' id='word_1_81' title='bbox 832 1964 951 2036; x_wconf 83' lang='lat' dir='ltr'>quidam</span> <span class='ocrx_word' id='word_1_82' title='bbox 981 1968 1096 2037; x_wconf 90' lang='lat' dir='ltr'>putant,</span> <span class='ocrx_word' id='word_1_83' title='bbox 1128 1949 1351 2037; x_wconf 88' lang='lat' dir='ltr'>triumphalibus</span> 
     </span>
     <span class='ocr_line' id='line_1_13' title="bbox 236 2062 1352 2134; baseline -0.004 -12"><span class='ocrx_word' id='word_1_84' title='bbox 236 2065 410 2123; x_wconf 88' lang='lat' dir='ltr'>ornamentis</span> <span class='ocrx_word' id='word_1_85' title='bbox 436 2064 604 2134; x_wconf 89' lang='lat' dir='ltr'>honoratus,</span> <span class='ocrx_word' id='word_1_86' title='bbox 639 2079 714 2121; x_wconf 86' lang='lat' dir='ltr'>novo</span> <span class='ocrx_word' id='word_1_87' title='bbox 736 2078 790 2121; x_wconf 88' lang='lat' dir='ltr'>noo</span> <span class='ocrx_word' id='word_1_88' title='bbox 822 2066 910 2120; x_wconf 90' lang='lat' dir='ltr'>antea</span> <span class='ocrx_word' id='word_1_89' title='bbox 938 2062 1070 2133; x_wconf 87' lang='lat' dir='ltr'>cuiqnam</span> <span class='ocrx_word' id='word_1_90' title='bbox 1101 2063 1210 2120; x_wconf 91' lang='lat' dir='ltr'>tributo</span> <span class='ocrx_word' id='word_1_91' title='bbox 1242 2077 1352 2133; x_wconf 85' lang='lat' dir='ltr'>genere</span> 
     </span>
     <span class='ocr_line' id='line_1_14' title="bbox 238 2156 1351 2235; baseline -0.004 -16"><span class='ocrx_word' id='word_1_92' title='bbox 238 2161 382 2220; x_wconf 83' lang='lat' dir='ltr'>honoris.“</span> <span class='ocrx_word' id='word_1_93' title='bbox 398 2161 457 2220; x_wconf 92' lang='lat' dir='ltr'>Dio</span> <span class='ocrx_word' id='word_1_94' title='bbox 467 2161 517 2219; x_wconf 91' lang='lat' dir='ltr'>ille</span> <span class='ocrx_word' id='word_1_95' title='bbox 528 2160 643 2232; x_wconf 85' lang='lat' dir='ltr'>quidem</span> <span class='ocrx_word' id='word_1_96' title='bbox 654 2158 746 2234; x_wconf 89' lang='lat' dir='ltr'>(LIV,</span> <span class='ocrx_word' id='word_1_97' title='bbox 760 2158 823 2235; x_wconf 86' lang='lat'>31),</span> <span class='ocrx_word' id='word_1_98' title='bbox 834 2159 884 2216; x_wconf 91' lang='lat' dir='ltr'>ubi</span> <span class='ocrx_word' id='word_1_99' title='bbox 894 2159 930 2217; x_wconf 89' lang='lat' dir='ltr'>de</span> <span class='ocrx_word' id='word_1_100' title='bbox 941 2159 1116 2217; x_wconf 87' lang='lat' dir='ltr'>ornamentis</span> <span class='ocrx_word' id='word_1_101' title='bbox 1126 2156 1351 2231; x_wconf 89' lang='lat' dir='ltr'>triumphalibus</span> 
     </span>
     <span class='ocr_line' id='line_1_15' title="bbox 237 2256 1350 2330; baseline 0.003 -14"><span class='ocrx_word' id='word_1_102' title='bbox 237 2258 354 2317; x_wconf 78' lang='lat' dir='ltr'>Tiberio</span> <span class='ocrx_word' id='word_1_103' title='bbox 374 2258 491 2317; x_wconf 87' lang='lat' dir='ltr'>tributis</span> <span class='ocrx_word' id='word_1_104' title='bbox 513 2258 587 2330; x_wconf 81' lang='lat' dir='ltr'>agit,</span> <span class='ocrx_word' id='word_1_105' title='bbox 618 2257 741 2330; x_wconf 92' lang='lat' dir='ltr'>primum</span> <span class='ocrx_word' id='word_1_106' title='bbox 767 2256 819 2314; x_wconf 90' lang='lat' dir='ltr'>illa</span> <span class='ocrx_word' id='word_1_107' title='bbox 843 2256 988 2329; x_wconf 86' lang='lat' dir='ltr'>accepisse</span> <span class='ocrx_word' id='word_1_108' title='bbox 1010 2257 1157 2314; x_wconf 88' lang='lat' dir='ltr'>Tiberium</span> <span class='ocrx_word' id='word_1_109' title='bbox 1182 2272 1240 2313; x_wconf 93' lang='lat' dir='ltr'>non</span> <span class='ocrx_word' id='word_1_110' title='bbox 1267 2257 1350 2318; x_wconf 87' lang='lat' dir='ltr'>addit</span> 
     </span>
     <span class='ocr_line' id='line_1_16' title="bbox 238 2354 1352 2428; baseline 0.002 -15"><span class='ocrx_word' id='word_1_111' title='bbox 238 2371 329 2427; x_wconf 89' lang='lat' dir='ltr'>neque</span> <span class='ocrx_word' id='word_1_112' title='bbox 343 2356 494 2428; x_wconf 87' lang='lat' dir='ltr'>quicquam</span> <span class='ocrx_word' id='word_1_113' title='bbox 507 2355 649 2422; x_wconf 89' lang='lat' dir='ltr'>Velleius,</span> <span class='ocrx_word' id='word_1_114' title='bbox 664 2354 724 2413; x_wconf 89' lang='lat' dir='ltr'>eius</span> <span class='ocrx_word' id='word_1_115' title='bbox 737 2355 882 2425; x_wconf 88' lang='lat' dir='ltr'>laudator,</span> <span class='ocrx_word' id='word_1_116' title='bbox 896 2355 950 2412; x_wconf 87' lang='lat' dir='ltr'>hae</span> <span class='ocrx_word' id='word_1_117' title='bbox 964 2356 1000 2413; x_wconf 95' lang='lat' dir='ltr'>de</span> <span class='ocrx_word' id='word_1_118' title='bbox 1013 2371 1046 2413; x_wconf 89' lang='lat' dir='ltr'>re</span> <span class='ocrx_word' id='word_1_119' title='bbox 1060 2355 1154 2414; x_wconf 86' lang='lat' dir='ltr'>affert.</span> <span class='ocrx_word' id='word_1_120' title='bbox 1190 2355 1352 2416; x_wconf 88' lang='lat' dir='ltr'>Praeterea</span> 
     </span>
     <span class='ocr_line' id='line_1_17' title="bbox 239 2450 1354 2526; baseline 0.002 -15"><span class='ocrx_word' id='word_1_121' title='bbox 239 2452 449 2511; x_wconf 89' lang='lat' dir='ltr'>observandum</span> <span class='ocrx_word' id='word_1_122' title='bbox 479 2457 524 2511; x_wconf 90' lang='lat' dir='ltr'>est</span> <span class='ocrx_word' id='word_1_123' title='bbox 553 2457 723 2510; x_wconf 90' lang='lat' dir='ltr'>ornamenta</span> <span class='ocrx_word' id='word_1_124' title='bbox 754 2450 954 2524; x_wconf 84' lang='lat' dir='ltr'>triumphalia,</span> <span class='ocrx_word' id='word_1_125' title='bbox 990 2468 1053 2509; x_wconf 91' lang='lat' dir='ltr'>oum</span> <span class='ocrx_word' id='word_1_126' title='bbox 1083 2452 1244 2525; x_wconf 88' lang='lat' dir='ltr'>triumphos</span> <span class='ocrx_word' id='word_1_127' title='bbox 1274 2453 1354 2526; x_wconf 90' lang='lat' dir='ltr'>ipsos</span> 
     </span>
     <span class='ocr_line' id='line_1_18' title="bbox 237 2546 1356 2622; baseline 0.003 -15"><span class='ocrx_word' id='word_1_128' title='bbox 237 2546 391 2622; x_wconf 84' lang='lat' dir='ltr'>Augustus</span> <span class='ocrx_word' id='word_1_129' title='bbox 411 2549 468 2608; x_wconf 91' lang='lat' dir='ltr'>sibi</span> <span class='ocrx_word' id='word_1_130' title='bbox 488 2550 601 2621; x_wconf 88' lang='lat' dir='ltr'>suisque</span> <span class='ocrx_word' id='word_1_131' title='bbox 626 2552 802 2618; x_wconf 90' lang='lat' dir='ltr'>reservaret,</span> <span class='ocrx_word' id='word_1_132' title='bbox 834 2548 953 2620; x_wconf 88' lang='lat' dir='ltr'>reliquis</span> <span class='ocrx_word' id='word_1_133' title='bbox 974 2548 1094 2607; x_wconf 90' lang='lat' dir='ltr'>ducibus</span> <span class='ocrx_word' id='word_1_134' title='bbox 1120 2565 1183 2607; x_wconf 89' lang='lat' dir='ltr'>esse</span> <span class='ocrx_word' id='word_1_135' title='bbox 1208 2550 1356 2610; x_wconf 87' lang='lat' dir='ltr'>destinata</span> 
     </span>
     <span class='ocr_line' id='line_1_19' title="bbox 242 2643 1349 2722; baseline 0.004 -18"><span class='ocrx_word' id='word_1_136' title='bbox 242 2646 313 2720; x_wconf 90' lang='lat' dir='ltr'>(Dio</span> <span class='ocrx_word' id='word_1_137' title='bbox 332 2646 412 2718; x_wconf 86' lang='lat' dir='ltr'>LIV,</span> <span class='ocrx_word' id='word_1_138' title='bbox 434 2647 485 2706; x_wconf 81' lang='lat'>24:</span> <span class='ocrx_word' id='word_1_139' title='bbox 507 2649 562 2703; x_wconf 85' lang='grc' dir='ltr'>τῶν</span> <span class='ocrx_word' id='word_1_140' title='bbox 584 2643 686 2721; x_wconf 85' lang='grc' dir='ltr'>ὁμοίων</span> <span class='ocrx_word' id='word_1_141' title='bbox 707 2643 782 2722; x_wconf 76' lang='grc' dir='ltr'>αὐτῷ</span> <span class='ocrx_word' id='word_1_142' title='bbox 802 2644 872 2720; x_wconf 82' lang='lat' dir='ltr'>etc.)</span> <span class='ocrx_word' id='word_1_143' title='bbox 895 2660 978 2717; x_wconf 79' lang='lat' dir='ltr'>quam</span> <span class='ocrx_word' id='word_1_144' title='bbox 999 2646 1035 2705; x_wconf 90' lang='lat' dir='ltr'>ob</span> <span class='ocrx_word' id='word_1_145' title='bbox 1056 2662 1117 2704; x_wconf 83' lang='lat' dir='ltr'>rem</span> <span class='ocrx_word' id='word_1_146' title='bbox 1138 2647 1240 2705; x_wconf 86' lang='lat' dir='ltr'>mirum</span> <span class='ocrx_word' id='word_1_147' title='bbox 1261 2655 1349 2719; x_wconf 81' lang='lat' dir='ltr'>esset,</span> 
     </span>
     <span class='ocr_line' id='line_1_20' title="bbox 241 2741 1355 2819; baseline 0.002 -17"><span class='ocrx_word' id='word_1_148' title='bbox 241 2743 266 2802; x_wconf 87' lang='lat' dir='ltr'>si</span> <span class='ocrx_word' id='word_1_149' title='bbox 281 2743 415 2802; x_wconf 78' lang='lat' dir='ltr'>Tiberius</span> <span class='ocrx_word' id='word_1_150' title='bbox 428 2743 538 2816; x_wconf 87' lang='lat' dir='ltr'>primus</span> <span class='ocrx_word' id='word_1_151' title='bbox 559 2760 594 2802; x_wconf 90' lang='lat' dir='ltr'>ea</span> <span class='ocrx_word' id='word_1_152' title='bbox 611 2741 803 2818; x_wconf 66' lang='lat' dir='ltr'>accepissem)</span> <span class='ocrx_word' id='word_1_153' title='bbox 839 2742 988 2814; x_wconf 80' lang='lat' dir='ltr'>Oratione,</span> <span class='ocrx_word' id='word_1_154' title='bbox 1009 2748 1043 2801; x_wconf 93' lang='lat' dir='ltr'>ut</span> <span class='ocrx_word' id='word_1_155' title='bbox 1055 2745 1111 2802; x_wconf 89' lang='lat' dir='ltr'>hoc</span> <span class='ocrx_word' id='word_1_156' title='bbox 1124 2746 1224 2803; x_wconf 91' lang='lat' dir='ltr'>statim</span> <span class='ocrx_word' id='word_1_157' title='bbox 1237 2745 1355 2819; x_wconf 91' lang='lat' dir='ltr'>addam,</span> 
     </span>
     <span class='ocr_line' id='line_1_21' title="bbox 239 2839 1355 2918; baseline 0.002 -18"><span class='ocrx_word' id='word_1_158' title='bbox 239 2841 275 2900; x_wconf 91' lang='lat' dir='ltr'>ob</span> <span class='ocrx_word' id='word_1_159' title='bbox 307 2841 457 2900; x_wconf 86' lang='lat' dir='ltr'>Dalmatos</span> <span class='ocrx_word' id='word_1_160' title='bbox 482 2840 702 2912; x_wconf 85' lang='lat' dir='ltr'>Pannoniosque</span> <span class='ocrx_word' id='word_1_161' title='bbox 726 2840 832 2908; x_wconf 79' lang='lat' dir='ltr'>victos,</span> <span class='ocrx_word' id='word_1_162' title='bbox 864 2857 891 2900; x_wconf 90' lang='lat' dir='ltr'>a.</span> <span class='ocrx_word' id='word_1_163' title='bbox 920 2843 953 2898; x_wconf 94' lang='grc'>11</span> <span class='ocrx_word' id='word_1_164' title='bbox 982 2857 1009 2901; x_wconf 88' lang='lat' dir='ltr'>a.</span> <span class='ocrx_word' id='word_1_165' title='bbox 1031 2839 1098 2899; x_wconf 82' lang='lat' dir='ltr'>Ohr.</span> <span class='ocrx_word' id='word_1_166' title='bbox 1131 2842 1249 2901; x_wconf 86' lang='lat' dir='ltr'>decreta</span> <span class='ocrx_word' id='word_1_167' title='bbox 1280 2839 1355 2918; x_wconf 89' lang='lat' dir='ltr'>(Dio</span> 
     </span>
     <span class='ocr_line' id='line_1_22' title="bbox 239 2937 1356 3016; baseline 0.003 -18"><span class='ocrx_word' id='word_1_168' title='bbox 239 2938 319 3010; x_wconf 87' lang='lat' dir='ltr'>LIV,</span> <span class='ocrx_word' id='word_1_169' title='bbox 343 2937 403 3016; x_wconf 88' lang='grc'><strong>34),</strong></span> <span class='ocrx_word' id='word_1_170' title='bbox 424 2939 558 2998; x_wconf 74' lang='lat' dir='ltr'>Tiberius</span> <span class='ocrx_word' id='word_1_171' title='bbox 580 2940 680 2998; x_wconf 90' lang='lat' dir='ltr'>urbem</span> <span class='ocrx_word' id='word_1_172' title='bbox 700 2939 844 3012; x_wconf 84' lang='lat' dir='ltr'>ingressus</span> <span class='ocrx_word' id='word_1_173' title='bbox 864 2943 909 2997; x_wconf 87' lang='lat' dir='ltr'>est</span> <span class='ocrx_word' id='word_1_174' title='bbox 929 2955 956 2998; x_wconf 90' lang='lat' dir='ltr'>a.</span> <span class='ocrx_word' id='word_1_175' title='bbox 979 2939 996 2997; x_wconf 88' lang='lat'><strong>9</strong></span> <span class='ocrx_word' id='word_1_176' title='bbox 1017 2956 1044 2999; x_wconf 89' lang='lat' dir='ltr'>a.</span> <span class='ocrx_word' id='word_1_177' title='bbox 1067 2939 1134 2999; x_wconf 81' lang='lat' dir='ltr'>(lhr.</span> <span class='ocrx_word' id='word_1_178' title='bbox 1156 2939 1225 3016; x_wconf 90' lang='lat' dir='ltr'>(Dio</span> <span class='ocrx_word' id='word_1_179' title='bbox 1239 2940 1302 3010; x_wconf 86' lang='lat' dir='ltr'>LV,</span> <span class='ocrx_word' id='word_1_180' title='bbox 1324 2941 1356 3002; x_wconf 88' lang='lat'>2.</span> 
     </span>
     <span class='ocr_line' id='line_1_23' title="bbox 238 3036 1357 3114; baseline 0.001 -18"><span class='ocrx_word' id='word_1_181' title='bbox 238 3036 316 3097; x_wconf 91' lang='lat' dir='ltr'>Vell.</span> <span class='ocrx_word' id='word_1_182' title='bbox 342 3038 381 3108; x_wconf 94' lang='lat' dir='ltr'>Il,</span> <span class='ocrx_word' id='word_1_183' title='bbox 410 3037 496 3114; x_wconf 88' lang='lat'>122),</span> <span class='ocrx_word' id='word_1_184' title='bbox 527 3037 704 3109; x_wconf 86' lang='lat' dir='ltr'>triumphum</span> <span class='ocrx_word' id='word_1_185' title='bbox 728 3037 764 3095; x_wconf 90' lang='lat' dir='ltr'>de</span> <span class='ocrx_word' id='word_1_186' title='bbox 790 3036 940 3095; x_wconf 88' lang='lat' dir='ltr'>Germanis</span> <span class='ocrx_word' id='word_1_187' title='bbox 966 3054 993 3096; x_wconf 90' lang='lat' dir='ltr'>a.</span> <span class='ocrx_word' id='word_1_188' title='bbox 1020 3039 1039 3096; x_wconf 90' lang='lat'>8</span> <span class='ocrx_word' id='word_1_189' title='bbox 1060 3052 1087 3097; x_wconf 90' lang='lat' dir='ltr'>a.</span> <span class='ocrx_word' id='word_1_190' title='bbox 1113 3036 1179 3096; x_wconf 84' lang='lat' dir='ltr'>Chr.</span> <span class='ocrx_word' id='word_1_191' title='bbox 1207 3038 1357 3097; x_wconf 89' lang='lat' dir='ltr'>decretum</span> 
     </span>
     <span class='ocr_line' id='line_1_24' title="bbox 240 3121 993 3212; baseline 0.001 -20"><span class='ocrx_word' id='word_1_192' title='bbox 240 3132 311 3209; x_wconf 91' lang='lat' dir='ltr'>(Dio</span> <span class='ocrx_word' id='word_1_193' title='bbox 331 3135 393 3208; x_wconf 92' lang='lat' dir='ltr'>LV,</span> <span class='ocrx_word' id='word_1_194' title='bbox 417 3135 449 3212; x_wconf 89' lang='lat'>6)</span> <span class='ocrx_word' id='word_1_195' title='bbox 471 3121 530 3209; x_wconf 79' lang='lat' dir='ltr'>egit</span> <span class='ocrx_word' id='word_1_196' title='bbox 550 3152 576 3194; x_wconf 88' lang='lat' dir='ltr'>a.</span> <span class='ocrx_word' id='word_1_197' title='bbox 600 3136 618 3192; x_wconf 80' lang='lat'>7</span> <span class='ocrx_word' id='word_1_198' title='bbox 638 3151 664 3192; x_wconf 85' lang='lat' dir='ltr'>a</span> <span class='ocrx_word' id='word_1_199' title='bbox 687 3133 755 3195; x_wconf 82' lang='lat' dir='ltr'>Ohr.</span> <span class='ocrx_word' id='word_1_200' title='bbox 777 3134 847 3209; x_wconf 91' lang='lat' dir='ltr'>(Dio</span> <span class='ocrx_word' id='word_1_201' title='bbox 868 3134 930 3204; x_wconf 92' lang='lat' dir='ltr'>LV,</span> <span class='ocrx_word' id='word_1_202' title='bbox 953 3134 993 3210; x_wconf 88' lang='lat'>8).</span> 
     </span>
    </p>
   </div>
   <div class='ocr_carea' id='block_1_7' title="bbox 239 3315 1359 3843">
    <p class='ocr_par' dir='ltr' id='par_1_7' title="bbox 312 3315 919 3399">
     <span class='ocr_line' id='line_1_25' title="bbox 312 3315 919 3399; baseline 0.003 -17"><span class='ocrx_word' id='word_1_203' title='bbox 312 3329 334 3398; x_wconf 89' lang='lat'>¹)</span> <span class='ocrx_word' id='word_1_204' title='bbox 352 3346 378 3384; x_wconf 89' lang='lat' dir='ltr'>v.</span> <span class='ocrx_word' id='word_1_205' title='bbox 397 3327 470 3382; x_wconf 82' lang='lat' dir='ltr'>inho</span> <span class='ocrx_word' id='word_1_206' title='bbox 486 3315 560 3397; x_wconf 86' lang='lat' dir='ltr'>part.</span> <span class='ocrx_word' id='word_1_207' title='bbox 579 3326 607 3381; x_wconf 96' lang='lat' dir='ltr'>lI</span> <span class='ocrx_word' id='word_1_208' title='bbox 626 3343 648 3385; x_wconf 88' lang='lat' dir='ltr'>a.</span> <span class='ocrx_word' id='word_1_209' title='bbox 668 3326 681 3382; x_wconf 97' lang='lat' dir='ltr'>l</span> <span class='ocrx_word' id='word_1_210' title='bbox 701 3328 716 3396; x_wconf 70' lang='grc' dir='ltr'><strong>ξ</strong></span> <span class='ocrx_word' id='word_1_211' title='bbox 737 3331 758 3385; x_wconf 91' lang='lat' dir='ltr'>l.</span> <span class='ocrx_word' id='word_1_212' title='bbox 778 3344 805 3397; x_wconf 90' lang='lat' dir='ltr'>p.</span> <span class='ocrx_word' id='word_1_213' title='bbox 828 3330 859 3384; x_wconf 86' lang='lat'>15</span> <span class='ocrx_word' id='word_1_214' title='bbox 878 3344 919 3399; x_wconf 90' lang='lat' dir='ltr'>sq.</span> 
     </span>
    </p>

    <p class='ocr_par' dir='ltr' id='par_1_8' title="bbox 246 3415 1359 3664">
     <span class='ocr_line' id='line_1_26' title="bbox 312 3415 1359 3488; baseline 0.002 -17"><span class='ocrx_word' id='word_1_215' title='bbox 312 3417 335 3488; x_wconf 88' lang='lat'>²)</span> <span class='ocrx_word' id='word_1_216' title='bbox 355 3415 388 3472; x_wconf 89' lang='lat' dir='ltr'>ef.</span> <span class='ocrx_word' id='word_1_217' title='bbox 412 3416 606 3472; x_wconf 85' lang='lat' dir='ltr'>adnotationes</span> <span class='ocrx_word' id='word_1_218' title='bbox 624 3415 729 3470; x_wconf 84' lang='lat' dir='ltr'>Bromii</span> <span class='ocrx_word' id='word_1_219' title='bbox 750 3416 780 3470; x_wconf 88' lang='lat' dir='ltr'>in</span> <span class='ocrx_word' id='word_1_220' title='bbox 799 3415 924 3472; x_wconf 87' lang='lat' dir='ltr'>Suetonii</span> <span class='ocrx_word' id='word_1_221' title='bbox 947 3416 1068 3473; x_wconf 89' lang='lat' dir='ltr'>editione</span> <span class='ocrx_word' id='word_1_222' title='bbox 1091 3415 1304 3488; x_wconf 82' lang='lat' dir='ltr'>(Zirich1820)</span> <span class='ocrx_word' id='word_1_223' title='bbox 1327 3420 1359 3473; x_wconf 91' lang='grc'>61</span> 
     </span>
     <span class='ocr_line' id='line_1_27' title="bbox 246 3504 1359 3576; baseline 0 -14"><span class='ocrx_word' id='word_1_224' title='bbox 246 3505 350 3562; x_wconf 85' lang='lat' dir='ltr'>Stahrii</span> <span class='ocrx_word' id='word_1_225' title='bbox 366 3505 397 3560; x_wconf 91' lang='lat' dir='ltr'>in</span> <span class='ocrx_word' id='word_1_226' title='bbox 414 3505 542 3560; x_wconf 88' lang='lat' dir='ltr'>versione</span> <span class='ocrx_word' id='word_1_227' title='bbox 561 3504 675 3574; x_wconf 83' lang='lat' dir='ltr'>(Stuttg.</span> <span class='ocrx_word' id='word_1_228' title='bbox 697 3507 785 3576; x_wconf 78' lang='grc'><strong>1857),</strong></span> <span class='ocrx_word' id='word_1_229' title='bbox 804 3505 957 3560; x_wconf 89' lang='lat' dir='ltr'>Burmanni</span> <span class='ocrx_word' id='word_1_230' title='bbox 973 3506 1003 3560; x_wconf 88' lang='lat' dir='ltr'>in</span> <span class='ocrx_word' id='word_1_231' title='bbox 1022 3504 1143 3562; x_wconf 89' lang='lat' dir='ltr'>editione</span> <span class='ocrx_word' id='word_1_232' title='bbox 1162 3504 1359 3575; x_wconf 85' lang='lat' dir='ltr'>(Amsteldam.</span> 
     </span>
     <span class='ocr_line' id='line_1_28' title="bbox 246 3592 973 3664; baseline 0.003 -16"><span class='ocrx_word' id='word_1_233' title='bbox 246 3595 335 3662; x_wconf 83' lang='lat'>1136),</span> <span class='ocrx_word' id='word_1_234' title='bbox 353 3593 443 3649; x_wconf 91' lang='lat' dir='ltr'>Wolfii</span> <span class='ocrx_word' id='word_1_235' title='bbox 461 3593 491 3648; x_wconf 90' lang='lat' dir='ltr'>in</span> <span class='ocrx_word' id='word_1_236' title='bbox 509 3593 630 3649; x_wconf 87' lang='lat' dir='ltr'>editione</span> <span class='ocrx_word' id='word_1_237' title='bbox 649 3592 735 3664; x_wconf 89' lang='lat' dir='ltr'>(Lips.</span> <span class='ocrx_word' id='word_1_238' title='bbox 757 3594 835 3661; x_wconf 86' lang='lat'>1802)</span> <span class='ocrx_word' id='word_1_239' title='bbox 855 3593 898 3649; x_wconf 86' lang='lat' dir='ltr'>ad.</span> <span class='ocrx_word' id='word_1_240' title='bbox 917 3592 936 3650; x_wconf 93' lang='lat' dir='ltr'>l.</span> <span class='ocrx_word' id='word_1_241' title='bbox 955 3595 973 3650; x_wconf 87' lang='lat' dir='ltr'>l</span> 
     </span>
    </p>

    <p class='ocr_par' dir='ltr' id='par_1_9' title="bbox 239 3681 1359 3843">
     <span class='ocr_line' id='line_1_29' title="bbox 312 3681 1359 3754; baseline 0.001 -15"><span class='ocrx_word' id='word_1_242' title='bbox 312 3683 334 3748; x_wconf 84' lang='lat'>³)</span> <span class='ocrx_word' id='word_1_243' title='bbox 352 3684 552 3739; x_wconf 87' lang='lat' dir='ltr'>Mommsenus:</span> <span class='ocrx_word' id='word_1_244' title='bbox 571 3701 593 3739; x_wconf 91' lang='lat' dir='ltr'>r.</span> <span class='ocrx_word' id='word_1_245' title='bbox 604 3683 724 3741; x_wconf 82' lang='lat' dir='ltr'>Staatsr.</span> <span class='ocrx_word' id='word_1_246' title='bbox 736 3682 759 3753; x_wconf 91' lang='lat'>1,</span> <span class='ocrx_word' id='word_1_247' title='bbox 777 3700 804 3754; x_wconf 89' lang='lat' dir='ltr'>p.</span> <span class='ocrx_word' id='word_1_248' title='bbox 817 3685 870 3738; x_wconf 84' lang='grc'>449</span> <span class='ocrx_word' id='word_1_249' title='bbox 890 3684 952 3742; x_wconf 86' lang='lat' dir='ltr'>adn.</span> <span class='ocrx_word' id='word_1_250' title='bbox 972 3687 988 3738; x_wconf 92' lang='lat'>2</span> <span class='ocrx_word' id='word_1_251' title='bbox 1002 3682 1127 3740; x_wconf 83' lang='lat' dir='ltr'>Suetonii</span> <span class='ocrx_word' id='word_1_252' title='bbox 1139 3682 1200 3739; x_wconf 86' lang='lat' dir='ltr'>loeo</span> <span class='ocrx_word' id='word_1_253' title='bbox 1214 3681 1359 3740; x_wconf 86' lang='lat' dir='ltr'>Tiberium</span> 
     </span>
     <span class='ocr_line' id='line_1_30' title="bbox 239 3771 883 3843; baseline 0.005 -17"><span class='ocrx_word' id='word_1_254' title='bbox 239 3771 420 3841; x_wconf 82' lang='lat' dir='ltr'>hiumphalia</span> <span class='ocrx_word' id='word_1_255' title='bbox 438 3771 559 3840; x_wconf 89' lang='lat' dir='ltr'>primum</span> <span class='ocrx_word' id='word_1_256' title='bbox 577 3773 718 3843; x_wconf 87' lang='lat' dir='ltr'>accepisse</span> <span class='ocrx_word' id='word_1_257' title='bbox 736 3773 883 3829; x_wconf 81' lang='lat' dir='ltr'>concludit</span> 
     </span>
    </p>
   </div>
   <div class='ocr_carea' id='block_1_8' title="bbox 691 4008 902 4016">
    <p class='ocr_par' dir='ltr' id='par_1_10' title="bbox 691 4008 902 4016">
     <span class='ocr_line' id='line_1_31' title="bbox 691 4008 902 4016; baseline 0.009 -2"><span class='ocrx_word' id='word_1_258' title='bbox 691 4008 902 4016; x_wconf 53' lang='grc' dir='ltr'>Μ</span> 
     </span>
    </p>
   </div>
   <div class='ocr_carea' id='block_1_9' title="bbox 0 0 1508 4852">
    <p class='ocr_par' dir='ltr' id='par_1_11' title="bbox 0 0 1508 4852">
     <span class='ocr_line' id='line_1_32' title="bbox 0 0 1508 4852; baseline 0 0"><span class='ocrx_word' id='word_1_259' title='bbox 0 0 1508 4852; x_wconf 95' lang='lat' dir='ltr'> </span> 
     </span>
    </p>
   </div>
  </div>
 </body>
</html>
