2984 4852
692 420 891 481 ..6-

699 715 786 818 (lap.
815 714 881 797 111.

332 881 386 954 De
413 881 584 974 partibus
612 885 922 953 ornamentorum
948 879 1245 972 triumphalium.

314 1054 380 1121 Jam
405 1058 431 1115 si
456 1071 597 1128 quaenam
621 1055 731 1115 fuerint
760 1057 930 1113 ornamenta
959 1052 1147 1126 triumphalia
1178 1056 1352 1129 quaerimus,

236 1153 393 1213 cavendum
407 1159 460 1222 est,
482 1171 519 1212 ne
532 1153 641 1212 liberae
654 1153 830 1226 reipublicae
844 1158 978 1225 tempora
993 1169 1057 1211 cum
1070 1152 1249 1225 temporibus
1262 1155 1353 1227 impe-

235 1257 365 1310 ratorum
385 1251 604 1323 confundamus,
636 1255 670 1308 ut
690 1255 792 1309 cauma
812 1251 924 1332 Rabum
946 1249 1099 1326 Goellius¹)
1120 1255 1200 1309 recte
1222 1251 1354 1310 docuisse

219 1349 357 1407 ridetur.
400 1350 477 1407 Ante
492 1352 618 1407 aetatem
639 1348 754 1420 quidem
773 1349 980 1421 imperatorum
1001 1351 1173 1408 constabant
1194 1365 1230 1406 ex
1251 1349 1354 1408 iisdem

235 1444 304 1516 fere,
326 1461 399 1518 qnae
419 1446 521 1518 regiae,
536 1447 690 1518 potestatis
716 1445 832 1504 fuerant
852 1446 1019 1518 insignibus,
1041 1447 1060 1504 i.
1082 1463 1106 1505 e.
1129 1463 1164 1505 ex
1187 1452 1256 1520 toga
1276 1448 1355 1521 picta

236 1543 389 1615 tunicaque
409 1544 546 1617 palmata,
569 1542 671 1614 quibus
690 1540 816 1602 efficitur
838 1543 944 1612 „vestis
964 1541 1207 1620 triumphalis“²)‚
1230 1545 1355 1616 scipione

236 1636 399 1716 ebmne0³),
421 1641 493 1700 sella
513 1637 644 1717 curuli),
672 1641 785 1700 mulleis
806 1640 877 1715 (Dio
901 1639 1020 1712 XLIII,
1049 1643 1097 1698 43.
1119 1642 1197 1700 Fest.
1220 1661 1248 1716 p.
1273 1642 1353 1718 143),

240 1754 365 1808 „corona
389 1738 492 1798 laurea
516 1744 622 1816 aurea“
650 1739 698 1799 vel
718 1735 915 1814 triumphali)
941 1771 978 1780 -
1001 1753 1108 1797 corona
1127 1739 1228 1797 laurea
1249 1740 1357 1798 milites

238 1852 349 1908 qnoque
362 1835 604 1909 triumphantium
618 1848 681 1895 sese
695 1838 838 1895 ornabant
852 1869 891 1879 --
906 1853 980 1908 qnae
995 1842 1108 1908 cuneta,
1131 1854 1195 1895 cnm
1209 1838 1356 1910 principes

236 1951 298 1992 rem
311 1932 457 2006 publicam
469 1938 618 2006 tenerent„
627 1934 697 1992 viris
711 1939 899 2004 „ornamenta
909 1934 1117 2008 triumphalia“
1132 1935 1357 2008 adipiscentibus
1432 1989 1433 1992 ,

237 2033 286 2091 vix
299 2032 368 2090 data
382 2048 444 2090 esse
458 2037 576 2104 praeter
591 2027 758 2106 Goellium⁶)
774 2032 967 2091 Mommsenus
987 2033 1007 2090 1.
1018 2033 1038 2090 l.
1060 2033 1079 2090 1.
1095 2033 1115 2091 1.
1136 2033 1200 2090 iure
1220 2035 1358 2091 statuisse

238 2131 362 2190 videtur.
403 2130 447 2188 Ac
471 2147 508 2188 ne
533 2131 564 2188 in
589 2130 742 2202 triumphis
767 2130 881 2202 quidem
909 2132 1116 2204 imperatorum
1142 2146 1254 2201 semper
1278 2133 1359 2187 veste

239 2228 409 2302 triumphali
438 2229 483 2286 uti
513 2229 620 2288 licebat
649 2229 721 2286 viris
755 2233 923 2287 ornamenta
956 2228 1157 2300 triumphalia.
1174 2227 1287 2298 adeptis
1323 2242 1360 2283 ea

240 2326 375 2385 videlicet
396 2325 431 2384 de
452 2342 547 2396 cansa,
573 2322 649 2397 quod
669 2325 813 2398 principes
833 2326 973 2384 honorem
995 2342 1076 2384 snum
1097 2325 1186 2383 minui
1207 2323 1357 2397 putabant.

134 2451 149 2470 ι
239 2424 266 2481 si
297 2424 359 2495 quis
390 2423 491 2498 eodem
516 2407 618 2482 habitu
649 2428 767 2482 ornatus
798 2424 877 2497 ipsos
908 2417 1113 2497 sequereturff)
1155 2421 1200 2480 Ex
1225 2420 1360 2480 Suetonii

243 2520 318 2579 enim
337 2521 401 2578 loco
423 2519 607 2596 (Claudii)
629 2520 763 2579 discimus
784 2521 1011 2593 triumphantem
1033 2518 1184 2578 Claudium
1205 2519 1254 2590 qui
1268 2519 1358 2576 secut·

241 2623 309 2676 sunt
322 2617 543 2691 triumphalibus
558 2620 593 2677 ob
605 2618 815 2691 expeditionem
826 2617 1027 2677 Britannicam
1040 2617 1169 2676 decorati
1181 2631 1359 2688 nequaquam

241 2731 308 2773 usos
328 2731 390 2773 esse
411 2719 491 2773 veste
513 2714 694 2788 triumphali,
721 2715 772 2774 sed
793 2719 955 2788 praetexta,
977 2721 1097 2787 praeter
1116 2731 1203 2771 unum
1226 2713 1361 2772 Crassum

242 2811 343 2885 Frugi,
367 2811 466 2884 quiin
486 2815 567 2870 veste
587 2813 719 2887 palmata
737 2812 892 2872 incedebat
913 2813 1056 2884 singulari
1077 2812 1113 2870 de
1135 2828 1246 2870 causa·

317 2998 325 3029 1

316 3000 337 3155 ²}
356 2996 382 3140 {a
395 2996 540 3142 1111111111ῗ1188
559 3103 581 3141 1.
600 3085 655 3142 Str.
674 3084 697 3155 Ι,
715 3101 743 3155 p.
762 3087 814 3141 396
834 3102 876 3156 sq.
914 3084 1004 3142 Goell.
1024 3084 1043 3140 l.
1061 3084 1080 3142 1.
1099 3100 1126 3153 p.
1147 3086 1180 3138 21
1201 3098 1261 3154 sqq.

317 3173 339 3242 ³)
358 3190 383 3229 v.
401 3172 540 3231 Momma:
558 3192 580 3230 r.
600 3173 655 3230 Str.
674 3173 697 3243 I,
716 3190 742 3243 p.
761 3175 822 3232 410.
860 3171 948 3230 Goell.
969 3172 987 3228 1.
1006 3173 1025 3227 1.
1044 3188 1072 3241 p.
1092 3173 1133 3227 19.
1152 3174 1198 3229 41.

316 3261 337 3328 ⁴)
357 3279 382 3317 v.
401 3255 508 3331 Lange:
527 3280 550 3319 r.
568 3262 671 3317 Altert.
689 3261 724 3332 1³,
742 3279 769 3332 p.
789 3263 850 3317 317.

318 3349 340 3430 ⁵)
359 3367 385 3406 v.
404 3349 493 3407 Goell.
512 3349 531 3406 l.
550 3350 568 3406 l.
587 3366 615 3420 p.
628 3351 671 3406 31.
707 3347 882 3406 Mommsen:
900 3367 924 3406 r.
944 3348 998 3405 Str.
1016 3347 1038 3407 I.
1058 3365 1085 3418 p.
1104 3350 1157 3403 412
1177 3364 1240 3403 cum
1259 3346 1363 3406 admi.
1422 3393 1425 3396 .
1467 3336 1469 3340 ’

245 3441 271 3508 2,
290 3441 416 3597 stiffi.
437 3544 464 3597 p.
483 3531 526 3588 41.

319 3617 341 3685 ⁷)
359 3615 434 3671 idem
447 3616 571 3672 sentiunt
584 3615 708 3672 Goellius
722 3614 740 3672 l.
753 3614 772 3670 1.
786 3632 813 3685 p.
823 3617 870 3674 ³12.
888 3615 1076 3671 Mommsenus
1089 3615 1107 3674 1.
1121 3615 1139 3670 l.
1153 3631 1180 3684 p.
1194 3615 1246 3684 391
1260 3611 1325 3667 adn.
1341 3615 1364 3668 1.

703 3911 914 3919 ——-——-—--
