<?xml version="1.0" encoding="UTF-8"?>
<!DOCTYPE html PUBLIC "-//W3C//DTD XHTML 1.0 Transitional//EN"
    "http://www.w3.org/TR/xhtml1/DTD/xhtml1-transitional.dtd">
<html xmlns="http://www.w3.org/1999/xhtml" xml:lang="en" lang="en">
 <head>
  <title>
</title>
<meta http-equiv="Content-Type" content="text/html;charset=utf-8" />
  <meta name='ocr-system' content='tesseract 3.04.00' />
  <meta name='ocr-capabilities' content='ocr_page ocr_carea ocr_par ocr_line ocrx_word'/>
</head>
<body>
  <div class='ocr_page' id='page_1' title='image "./deornamentistri00peingoog_0062.png"; bbox 0 0 2984 4852; ppageno 0'>
   <div class='ocr_carea' id='block_1_1' title="bbox 582 355 799 420">
    <p class='ocr_par' dir='ltr' id='par_1_1' title="bbox 582 355 799 420">
     <span class='ocr_line' id='line_1_1' title="bbox 582 355 799 420; baseline 0.005 -20"><span class='ocrx_word' id='word_1_1' title='bbox 582 355 799 420; x_wconf 85' lang='lat'><strong>-53..</strong></span> 
     </span>
    </p>
   </div>
   <div class='ocr_carea' id='block_1_2' title="bbox 133 562 1247 640">
    <p class='ocr_par' dir='ltr' id='par_1_2' title="bbox 133 562 1247 640">
     <span class='ocr_line' id='line_1_2' title="bbox 133 562 1247 640; baseline 0.003 -19"><span class='ocrx_word' id='word_1_2' title='bbox 133 564 278 640; x_wconf 88' lang='lat' dir='ltr'>lis¹)(ib.),</span> <span class='ocrx_word' id='word_1_3' title='bbox 290 562 452 636; x_wconf 83' lang='lat' dir='ltr'><strong>praefectus</strong></span> <span class='ocrx_word' id='word_1_4' title='bbox 464 564 544 622; x_wconf 90' lang='lat' dir='ltr'>urbis</span> <span class='ocrx_word' id='word_1_5' title='bbox 558 562 692 622; x_wconf 84' lang='lat' dir='ltr'>feriarum</span> <span class='ocrx_word' id='word_1_6' title='bbox 699 564 870 622; x_wconf 88' lang='lat' dir='ltr'>Latinarum</span> <span class='ocrx_word' id='word_1_7' title='bbox 881 581 968 624; x_wconf 91' lang='lat' dir='ltr'>causa</span> <span class='ocrx_word' id='word_1_8' title='bbox 979 565 1032 639; x_wconf 91' lang='lat' dir='ltr'>(ib.</span> <span class='ocrx_word' id='word_1_9' title='bbox 1041 566 1131 624; x_wconf 89' lang='lat' dir='ltr'>etDio</span> <span class='ocrx_word' id='word_1_10' title='bbox 1137 566 1201 636; x_wconf 88' lang='lat' dir='ltr'>LX,</span> <span class='ocrx_word' id='word_1_11' title='bbox 1208 567 1247 640; x_wconf 77' lang='lat' dir='ltr'>h),</span> 
     </span>
    </p>
   </div>
   <div class='ocr_carea' id='block_1_3' title="bbox 132 660 1249 927">
    <p class='ocr_par' dir='ltr' id='par_1_3' title="bbox 132 660 1249 927">
     <span class='ocr_line' id='line_1_3' title="bbox 133 660 1248 736; baseline 0.002 -18"><span class='ocrx_word' id='word_1_12' title='bbox 133 661 267 718; x_wconf 88' lang='lat' dir='ltr'>triumvir</span> <span class='ocrx_word' id='word_1_13' title='bbox 287 660 448 729; x_wconf 89' lang='lat' dir='ltr'>monetalis,</span> <span class='ocrx_word' id='word_1_14' title='bbox 470 665 572 732; x_wconf 88' lang='lat' dir='ltr'>postea</span> <span class='ocrx_word' id='word_1_15' title='bbox 596 664 731 731; x_wconf 89' lang='lat' dir='ltr'>quaestor</span> <span class='ocrx_word' id='word_1_16' title='bbox 745 661 859 718; x_wconf 78' lang='lat' dir='ltr'>Claudii</span> <span class='ocrx_word' id='word_1_17' title='bbox 881 661 926 736; x_wconf 93' lang='lat' dir='ltr'>(C.</span> <span class='ocrx_word' id='word_1_18' title='bbox 943 662 966 720; x_wconf 92' lang='lat' dir='ltr'>I.</span> <span class='ocrx_word' id='word_1_19' title='bbox 981 660 1045 718; x_wconf 82' lang='lat' dir='ltr'>Att.</span> <span class='ocrx_word' id='word_1_20' title='bbox 1061 663 1080 718; x_wconf 92' lang='lat' dir='ltr'>l.</span> <span class='ocrx_word' id='word_1_21' title='bbox 1096 663 1139 736; x_wconf 86' lang='lat' dir='ltr'>l),</span> <span class='ocrx_word' id='word_1_22' title='bbox 1163 680 1189 721; x_wconf 92' lang='lat' dir='ltr'>a.</span> <span class='ocrx_word' id='word_1_23' title='bbox 1210 664 1248 720; x_wconf 88' lang='lat'>48</span> 
     </span>
     <span class='ocr_line' id='line_1_4' title="bbox 132 757 1247 833; baseline 0.004 -21"><span class='ocrx_word' id='word_1_24' title='bbox 132 761 299 828; x_wconf 90' lang='lat' dir='ltr'>praeturam</span> <span class='ocrx_word' id='word_1_25' title='bbox 320 757 409 828; x_wconf 83' lang='lat' dir='ltr'>gessit</span> <span class='ocrx_word' id='word_1_26' title='bbox 431 757 507 814; x_wconf 91' lang='lat' dir='ltr'>inter</span> <span class='ocrx_word' id='word_1_27' title='bbox 521 757 598 814; x_wconf 87' lang='lat' dir='ltr'>cives</span> <span class='ocrx_word' id='word_1_28' title='bbox 620 762 651 815; x_wconf 90' lang='lat' dir='ltr'>ct</span> <span class='ocrx_word' id='word_1_29' title='bbox 671 758 837 829; x_wconf 88' lang='lat' dir='ltr'>peregrinos</span> <span class='ocrx_word' id='word_1_30' title='bbox 856 757 937 833; x_wconf 83' lang='lat' dir='ltr'>(Tac.</span> <span class='ocrx_word' id='word_1_31' title='bbox 955 775 1020 815; x_wconf 89' lang='lat' dir='ltr'>ann.</span> <span class='ocrx_word' id='word_1_32' title='bbox 1036 759 1105 827; x_wconf 89' lang='lat' dir='ltr'>XII,</span> <span class='ocrx_word' id='word_1_33' title='bbox 1121 761 1147 830; x_wconf 89' lang='grc'>4,</span> <span class='ocrx_word' id='word_1_34' title='bbox 1172 760 1247 816; x_wconf 87' lang='lat' dir='ltr'>titul.</span> 
     </span>
     <span class='ocr_line' id='line_1_5' title="bbox 133 851 1249 927; baseline 0.002 -17"><span class='ocrx_word' id='word_1_35' title='bbox 133 853 276 910; x_wconf 85' lang='lat' dir='ltr'>Tiburtin.</span> <span class='ocrx_word' id='word_1_36' title='bbox 310 852 346 911; x_wconf 86' lang='lat' dir='ltr'>cf.</span> <span class='ocrx_word' id='word_1_37' title='bbox 377 853 408 911; x_wconf 93' lang='lat' dir='ltr'>C.</span> <span class='ocrx_word' id='word_1_38' title='bbox 436 854 459 912; x_wconf 92' lang='lat' dir='ltr'>I.</span> <span class='ocrx_word' id='word_1_39' title='bbox 486 853 520 910; x_wconf 88' lang='lat' dir='ltr'>L.</span> <span class='ocrx_word' id='word_1_40' title='bbox 548 851 588 923; x_wconf 88' lang='lat' dir='ltr'>X,</span> <span class='ocrx_word' id='word_1_41' title='bbox 618 851 721 927; x_wconf 85' lang='lat'>3851).</span> <span class='ocrx_word' id='word_1_42' title='bbox 773 854 953 925; x_wconf 82' lang='lat' dir='ltr'><strong>Agrippinae</strong></span> <span class='ocrx_word' id='word_1_43' title='bbox 986 855 1050 912; x_wconf 91' lang='lat' dir='ltr'>dolo</span> <span class='ocrx_word' id='word_1_44' title='bbox 1082 855 1249 924; x_wconf 84' lang='lat' dir='ltr'>insidiisque</span> 
     </span>
    </p>
   </div>
   <div class='ocr_carea' id='block_1_4' title="bbox 132 941 1342 1022">
    <p class='ocr_par' dir='ltr' id='par_1_4' title="bbox 132 941 1342 1022">
     <span class='ocr_line' id='line_1_6' title="bbox 132 941 1342 1022; baseline 0.003 -17"><span class='ocrx_word' id='word_1_45' title='bbox 132 948 244 1005; x_wconf 90' lang='lat' dir='ltr'>Vitellii</span> <span class='ocrx_word' id='word_1_46' title='bbox 264 948 363 1006; x_wconf 85' lang='lat' dir='ltr'>ordine</span> <span class='ocrx_word' id='word_1_47' title='bbox 384 950 532 1006; x_wconf 89' lang='lat' dir='ltr'>senatorio</span> <span class='ocrx_word' id='word_1_48' title='bbox 554 954 673 1020; x_wconf 90' lang='lat' dir='ltr'>praetor</span> <span class='ocrx_word' id='word_1_49' title='bbox 697 953 791 1007; x_wconf 92' lang='lat' dir='ltr'>motus</span> <span class='ocrx_word' id='word_1_50' title='bbox 812 950 931 1007; x_wconf 90' lang='lat' dir='ltr'>adactus</span> <span class='ocrx_word' id='word_1_51' title='bbox 957 956 1001 1008; x_wconf 87' lang='lat' dir='ltr'>est</span> <span class='ocrx_word' id='word_1_52' title='bbox 1021 951 1135 1008; x_wconf 88' lang='lat' dir='ltr'>eiurare</span> <span class='ocrx_word' id='word_1_53' title='bbox 1158 952 1249 1022; x_wconf 85' lang='lat' dir='ltr'>magi·</span> <span class='ocrx_word' id='word_1_54' title='bbox 1338 941 1342 948; x_wconf 71' lang='grc'><strong>’</strong></span> 
     </span>
    </p>
   </div>
   <div class='ocr_carea' id='block_1_5' title="bbox 61 1044 1259 3536">
    <p class='ocr_par' dir='ltr' id='par_1_5' title="bbox 132 1044 1250 1315">
     <span class='ocr_line' id='line_1_7' title="bbox 132 1044 1250 1120; baseline 0.001 -17"><span class='ocrx_word' id='word_1_55' title='bbox 132 1049 254 1103; x_wconf 88' lang='lat' dir='ltr'>stratum</span> <span class='ocrx_word' id='word_1_56' title='bbox 276 1045 358 1120; x_wconf 88' lang='lat' dir='ltr'>(Tac.</span> <span class='ocrx_word' id='word_1_57' title='bbox 375 1062 440 1103; x_wconf 92' lang='lat' dir='ltr'>ann.</span> <span class='ocrx_word' id='word_1_58' title='bbox 456 1047 523 1112; x_wconf 92' lang='lat' dir='ltr'>XII,</span> <span class='ocrx_word' id='word_1_59' title='bbox 546 1048 572 1104; x_wconf 87' lang='lat'>4.</span> <span class='ocrx_word' id='word_1_60' title='bbox 597 1044 675 1104; x_wconf 83' lang='lat' dir='ltr'>Suet.</span> <span class='ocrx_word' id='word_1_61' title='bbox 692 1047 790 1104; x_wconf 87' lang='lat' dir='ltr'>Claud.</span> <span class='ocrx_word' id='word_1_62' title='bbox 808 1047 868 1119; x_wconf 78' lang='lat'>29),</span> <span class='ocrx_word' id='word_1_63' title='bbox 891 1047 937 1105; x_wconf 89' lang='lat' dir='ltr'>die</span> <span class='ocrx_word' id='word_1_64' title='bbox 955 1048 1120 1118; x_wconf 81' lang='lat' dir='ltr'>nuptiarum</span> <span class='ocrx_word' id='word_1_65' title='bbox 1136 1047 1250 1105; x_wconf 83' lang='lat' dir='ltr'>Claudii</span> 
     </span>
     <span class='ocr_line' id='line_1_8' title="bbox 137 1140 1249 1220; baseline 0.006 -22"><span class='ocrx_word' id='word_1_66' title='bbox 137 1147 167 1198; x_wconf 90' lang='lat' dir='ltr'>et</span> <span class='ocrx_word' id='word_1_67' title='bbox 191 1140 375 1215; x_wconf 84' lang='lat' dir='ltr'>Agrippinae</span> <span class='ocrx_word' id='word_1_68' title='bbox 397 1161 424 1202; x_wconf 92' lang='lat' dir='ltr'>a.</span> <span class='ocrx_word' id='word_1_69' title='bbox 454 1146 492 1202; x_wconf 88' lang='lat'>49</span> <span class='ocrx_word' id='word_1_70' title='bbox 518 1149 640 1202; x_wconf 88' lang='lat' dir='ltr'>mortem</span> <span class='ocrx_word' id='word_1_71' title='bbox 672 1145 727 1202; x_wconf 93' lang='lat' dir='ltr'>sibi</span> <span class='ocrx_word' id='word_1_72' title='bbox 752 1145 891 1203; x_wconf 86' lang='lat' dir='ltr'>conscivit</span> <span class='ocrx_word' id='word_1_73' title='bbox 921 1145 1002 1220; x_wconf 85' lang='lat' dir='ltr'>(Tac.</span> <span class='ocrx_word' id='word_1_74' title='bbox 1030 1161 1093 1202; x_wconf 87' lang='lat' dir='ltr'>anm</span> <span class='ocrx_word' id='word_1_75' title='bbox 1122 1145 1188 1212; x_wconf 89' lang='lat' dir='ltr'>XII,</span> <span class='ocrx_word' id='word_1_76' title='bbox 1220 1147 1249 1205; x_wconf 88' lang='lat'>8.</span> 
     </span>
     <span class='ocr_line' id='line_1_9' title="bbox 135 1239 810 1315; baseline 0.007 -21"><span class='ocrx_word' id='word_1_77' title='bbox 135 1239 191 1296; x_wconf 92' lang='lat' dir='ltr'>Dio</span> <span class='ocrx_word' id='word_1_78' title='bbox 213 1239 279 1311; x_wconf 88' lang='lat' dir='ltr'>LX,</span> <span class='ocrx_word' id='word_1_79' title='bbox 304 1241 349 1297; x_wconf 90' lang='lat'>31.</span> <span class='ocrx_word' id='word_1_80' title='bbox 373 1239 472 1297; x_wconf 88' lang='lat' dir='ltr'>Senec.</span> <span class='ocrx_word' id='word_1_81' title='bbox 495 1241 604 1311; x_wconf 90' lang='lat' dir='ltr'>apocol.</span> <span class='ocrx_word' id='word_1_82' title='bbox 629 1241 656 1298; x_wconf 89' lang='lat'>8.</span> <span class='ocrx_word' id='word_1_83' title='bbox 681 1243 726 1298; x_wconf 87' lang='grc'>10.</span> <span class='ocrx_word' id='word_1_84' title='bbox 751 1241 810 1315; x_wconf 87' lang='lat' dir='ltr'>ll).</span> 
     </span>
    </p>

    <p class='ocr_par' dir='ltr' id='par_1_6' title="bbox 132 1335 1250 1988">
     <span class='ocr_line' id='line_1_10' title="bbox 217 1335 1250 1409; baseline 0.002 -17"><span class='ocrx_word' id='word_1_85' title='bbox 217 1337 304 1394; x_wconf 90' lang='lat' dir='ltr'>Vides</span> <span class='ocrx_word' id='word_1_86' title='bbox 325 1337 415 1408; x_wconf 88' lang='lat' dir='ltr'>igitur</span> <span class='ocrx_word' id='word_1_87' title='bbox 432 1337 578 1394; x_wconf 75' lang='lat' dir='ltr'>uinculum</span> <span class='ocrx_word' id='word_1_88' title='bbox 599 1335 749 1394; x_wconf 87' lang='lat' dir='ltr'>affinitatis</span> <span class='ocrx_word' id='word_1_89' title='bbox 770 1336 868 1395; x_wconf 83' lang='lat' dir='ltr'>Silano</span> <span class='ocrx_word' id='word_1_90' title='bbox 890 1342 1035 1409; x_wconf 87' lang='lat' dir='ltr'>postremo</span> <span class='ocrx_word' id='word_1_91' title='bbox 1060 1338 1250 1409; x_wconf 90' lang='lat' dir='ltr'>periculosum</span> 
     </span>
     <span class='ocr_line' id='line_1_11' title="bbox 135 1431 1249 1505; baseline 0.004 -17"><span class='ocrx_word' id='word_1_92' title='bbox 135 1431 230 1490; x_wconf 82' lang='lat' dir='ltr'>luisse.</span> <span class='ocrx_word' id='word_1_93' title='bbox 272 1432 372 1505; x_wconf 83' lang='lat' dir='ltr'>Atque</span> <span class='ocrx_word' id='word_1_94' title='bbox 394 1434 460 1490; x_wconf 90' lang='lat' dir='ltr'>inde</span> <span class='ocrx_word' id='word_1_95' title='bbox 482 1434 669 1505; x_wconf 91' lang='lat' dir='ltr'>repetendum</span> <span class='ocrx_word' id='word_1_96' title='bbox 690 1450 806 1505; x_wconf 90' lang='lat' dir='ltr'>censeo,</span> <span class='ocrx_word' id='word_1_97' title='bbox 835 1434 919 1504; x_wconf 92' lang='lat' dir='ltr'>quod,</span> <span class='ocrx_word' id='word_1_98' title='bbox 943 1449 1110 1505; x_wconf 90' lang='lat' dir='ltr'>quamquam</span> <span class='ocrx_word' id='word_1_99' title='bbox 1133 1439 1249 1492; x_wconf 89' lang='lat' dir='ltr'>auctore</span> 
     </span>
     <span class='ocr_line' id='line_1_12' title="bbox 133 1530 1249 1603; baseline 0.004 -19"><span class='ocrx_word' id='word_1_100' title='bbox 133 1530 311 1601; x_wconf 82' lang='lat' dir='ltr'>imperatore</span> <span class='ocrx_word' id='word_1_101' title='bbox 327 1530 447 1588; x_wconf 91' lang='lat' dir='ltr'>Claudio</span> <span class='ocrx_word' id='word_1_102' title='bbox 463 1531 650 1603; x_wconf 86' lang='lat' dir='ltr'>triumphalia</span> <span class='ocrx_word' id='word_1_103' title='bbox 670 1531 791 1603; x_wconf 88' lang='lat' dir='ltr'>accepit,</span> <span class='ocrx_word' id='word_1_104' title='bbox 814 1531 904 1588; x_wconf 89' lang='lat' dir='ltr'>verba</span> <span class='ocrx_word' id='word_1_105' title='bbox 927 1536 1053 1603; x_wconf 67' lang='lat' dir='ltr'>,auctore</span> <span class='ocrx_word' id='word_1_106' title='bbox 1074 1532 1249 1602; x_wconf 84' lang='lat' dir='ltr'>imperatore</span> 
     </span>
     <span class='ocr_line' id='line_1_13' title="bbox 132 1625 1250 1696; baseline 0.003 -14"><span class='ocrx_word' id='word_1_107' title='bbox 132 1625 260 1683; x_wconf 83' lang='lat' dir='ltr'>Claudio&#39;</span> <span class='ocrx_word' id='word_1_108' title='bbox 283 1632 337 1684; x_wconf 89' lang='lat' dir='ltr'>etc.</span> <span class='ocrx_word' id='word_1_109' title='bbox 363 1628 469 1685; x_wconf 90' lang='lat' dir='ltr'>omissa</span> <span class='ocrx_word' id='word_1_110' title='bbox 489 1628 605 1684; x_wconf 91' lang='lat' dir='ltr'>suntin</span> <span class='ocrx_word' id='word_1_111' title='bbox 625 1627 720 1685; x_wconf 91' lang='lat' dir='ltr'>titulo.</span> <span class='ocrx_word' id='word_1_112' title='bbox 763 1627 928 1696; x_wconf 87' lang='lat' dir='ltr'>Eademque</span> <span class='ocrx_word' id='word_1_113' title='bbox 955 1643 1041 1684; x_wconf 89' lang='lat' dir='ltr'>causa</span> <span class='ocrx_word' id='word_1_114' title='bbox 1065 1633 1158 1685; x_wconf 90' lang='lat' dir='ltr'>motus</span> <span class='ocrx_word' id='word_1_115' title='bbox 1179 1629 1250 1685; x_wconf 93' lang='lat' dir='ltr'>mihi</span> 
     </span>
     <span class='ocr_line' id='line_1_14' title="bbox 132 1722 1250 1804; baseline 0.004 -26"><span class='ocrx_word' id='word_1_116' title='bbox 132 1723 266 1792; x_wconf 81' lang='lat' dir='ltr'>persuasi</span> <span class='ocrx_word' id='word_1_117' title='bbox 286 1739 323 1780; x_wconf 90' lang='lat' dir='ltr'>ne</span> <span class='ocrx_word' id='word_1_118' title='bbox 349 1724 379 1780; x_wconf 92' lang='lat' dir='ltr'>in</span> <span class='ocrx_word' id='word_1_119' title='bbox 400 1724 501 1782; x_wconf 86' lang='lat' dir='ltr'>ultimo</span> <span class='ocrx_word' id='word_1_120' title='bbox 528 1724 640 1794; x_wconf 89' lang='lat' dir='ltr'>quidem</span> <span class='ocrx_word' id='word_1_121' title='bbox 661 1740 745 1780; x_wconf 88' lang='lat' dir='ltr'>versu</span> <span class='ocrx_word' id='word_1_122' title='bbox 767 1722 883 1781; x_wconf 90' lang='lat' dir='ltr'>Claudii</span> <span class='ocrx_word' id='word_1_123' title='bbox 909 1725 1097 1804; x_wconf 87' lang='lat' dir='ltr'>mentionem,</span> <span class='ocrx_word' id='word_1_124' title='bbox 1129 1729 1162 1781; x_wconf 93' lang='lat' dir='ltr'>ut</span> <span class='ocrx_word' id='word_1_125' title='bbox 1187 1726 1250 1782; x_wconf 89' lang='lat' dir='ltr'>vult</span> 
     </span>
     <span class='ocr_line' id='line_1_15' title="bbox 132 1818 1249 1891; baseline 0.002 -15"><span class='ocrx_word' id='word_1_126' title='bbox 132 1819 325 1877; x_wconf 88' lang='lat' dir='ltr'>Mommsenus</span> <span class='ocrx_word' id='word_1_127' title='bbox 355 1821 375 1879; x_wconf 93' lang='lat' dir='ltr'>l.</span> <span class='ocrx_word' id='word_1_128' title='bbox 407 1821 436 1891; x_wconf 91' lang='grc'>1.,</span> <span class='ocrx_word' id='word_1_129' title='bbox 471 1837 533 1879; x_wconf 88' lang='lat' dir='ltr'>esse</span> <span class='ocrx_word' id='word_1_130' title='bbox 565 1818 683 1889; x_wconf 85' lang='lat' dir='ltr'>factam,</span> <span class='ocrx_word' id='word_1_131' title='bbox 716 1820 766 1877; x_wconf 91' lang='lat' dir='ltr'>sed</span> <span class='ocrx_word' id='word_1_132' title='bbox 799 1820 842 1876; x_wconf 89' lang='lat' dir='ltr'>ita</span> <span class='ocrx_word' id='word_1_133' title='bbox 872 1821 1091 1878; x_wconf 85' lang='lat' dir='ltr'>restituendum:</span> <span class='ocrx_word' id='word_1_134' title='bbox 1124 1822 1249 1891; x_wconf 86' lang='lat' dir='ltr'>abnepos</span> 
     </span>
     <span class='ocr_line' id='line_1_16' title="bbox 137 1914 423 1988; baseline 0.01 -17"><span class='ocrx_word' id='word_1_135' title='bbox 137 1915 270 1973; x_wconf 86' lang='lat' dir='ltr'>Caesaris</span> <span class='ocrx_word' id='word_1_136' title='bbox 289 1914 423 1988; x_wconf 81' lang='lat' dir='ltr'>Augusti.</span> 
     </span>
    </p>

    <p class='ocr_par' dir='ltr' id='par_1_7' title="bbox 133 2011 1248 2178">
     <span class='ocr_line' id='line_1_17' title="bbox 211 2011 1248 2085; baseline -0.002 -15"><span class='ocrx_word' id='word_1_137' title='bbox 211 2011 227 2085; x_wconf 67' lang='grc' dir='ltr'><strong>ξ</strong></span> <span class='ocrx_word' id='word_1_138' title='bbox 249 2013 277 2070; x_wconf 89' lang='grc'>3.</span> <span class='ocrx_word' id='word_1_139' title='bbox 319 2013 385 2070; x_wconf 88' lang='lat' dir='ltr'>Jam</span> <span class='ocrx_word' id='word_1_140' title='bbox 400 2029 493 2084; x_wconf 90' lang='lat' dir='ltr'>pauca</span> <span class='ocrx_word' id='word_1_141' title='bbox 514 2013 652 2069; x_wconf 91' lang='lat' dir='ltr'>addamus</span> <span class='ocrx_word' id='word_1_142' title='bbox 673 2012 708 2070; x_wconf 90' lang='lat' dir='ltr'>de</span> <span class='ocrx_word' id='word_1_143' title='bbox 722 2013 880 2084; x_wconf 84' lang='lat' dir='ltr'>largitione</span> <span class='ocrx_word' id='word_1_144' title='bbox 894 2017 1126 2071; x_wconf 81' lang='lat' dir='ltr'>ornamentorum</span> <span class='ocrx_word' id='word_1_145' title='bbox 1147 2012 1248 2068; x_wconf 90' lang='lat' dir='ltr'>trium·</span> 
     </span>
     <span class='ocr_line' id='line_1_18' title="bbox 133 2107 569 2178; baseline 0.007 -15"><span class='ocrx_word' id='word_1_146' title='bbox 133 2107 263 2178; x_wconf 93' lang='lat' dir='ltr'>phalium</span> <span class='ocrx_word' id='word_1_147' title='bbox 284 2125 302 2165; x_wconf 90' lang='lat' dir='ltr'>a</span> <span class='ocrx_word' id='word_1_148' title='bbox 323 2107 445 2167; x_wconf 90' lang='lat' dir='ltr'>Claudio</span> <span class='ocrx_word' id='word_1_149' title='bbox 470 2110 569 2166; x_wconf 85' lang='lat' dir='ltr'>effusa.</span> 
     </span>
    </p>

    <p class='ocr_par' dir='ltr' id='par_1_8' title="bbox 131 2203 1250 2662">
     <span class='ocr_line' id='line_1_19' title="bbox 212 2203 1249 2280; baseline 0.001 -18"><span class='ocrx_word' id='word_1_150' title='bbox 212 2203 365 2262; x_wconf 84' lang='lat' dir='ltr'>Suetonius</span> <span class='ocrx_word' id='word_1_151' title='bbox 382 2204 497 2280; x_wconf 90' lang='lat' dir='ltr'>(Claud.</span> <span class='ocrx_word' id='word_1_152' title='bbox 514 2207 565 2280; x_wconf 79' lang='lat'>24)</span> <span class='ocrx_word' id='word_1_153' title='bbox 584 2207 660 2264; x_wconf 88' lang='lat' dir='ltr'>enim</span> <span class='ocrx_word' id='word_1_154' title='bbox 674 2205 767 2262; x_wconf 83' lang='lat' dir='ltr'>tradit</span> <span class='ocrx_word' id='word_1_155' title='bbox 780 2206 864 2262; x_wconf 90' lang='lat' dir='ltr'>haec:</span> <span class='ocrx_word' id='word_1_156' title='bbox 890 2205 1046 2274; x_wconf 87' lang='lat' dir='ltr'>„Claudius</span> <span class='ocrx_word' id='word_1_157' title='bbox 1058 2205 1249 2280; x_wconf 84' lang='lat' dir='ltr'>triumphalia</span> 
     </span>
     <span class='ocr_line' id='line_1_20' title="bbox 131 2300 1249 2374; baseline 0.001 -16"><span class='ocrx_word' id='word_1_158' title='bbox 131 2305 301 2358; x_wconf 87' lang='lat' dir='ltr'>ornamenta</span> <span class='ocrx_word' id='word_1_159' title='bbox 311 2300 418 2373; x_wconf 87' lang='lat' dir='ltr'>Silano,</span> <span class='ocrx_word' id='word_1_160' title='bbox 435 2301 513 2360; x_wconf 89' lang='lat' dir='ltr'>filiae</span> <span class='ocrx_word' id='word_1_161' title='bbox 527 2319 595 2360; x_wconf 88' lang='lat' dir='ltr'>suae</span> <span class='ocrx_word' id='word_1_162' title='bbox 610 2319 723 2374; x_wconf 90' lang='lat' dir='ltr'>sponso,</span> <span class='ocrx_word' id='word_1_163' title='bbox 738 2302 863 2359; x_wconf 91' lang='lat' dir='ltr'>nondum</span> <span class='ocrx_word' id='word_1_164' title='bbox 873 2303 976 2374; x_wconf 90' lang='lat' dir='ltr'>puberi</span> <span class='ocrx_word' id='word_1_165' title='bbox 987 2302 1075 2372; x_wconf 84' lang='lat' dir='ltr'>dedit,</span> <span class='ocrx_word' id='word_1_166' title='bbox 1090 2303 1249 2359; x_wconf 88' lang='lat' dir='ltr'>maioribus</span> 
     </span>
     <span class='ocr_line' id='line_1_21' title="bbox 132 2398 1248 2471; baseline 0.003 -19"><span class='ocrx_word' id='word_1_167' title='bbox 132 2413 200 2454; x_wconf 82' lang='lat' dir='ltr'>vero</span> <span class='ocrx_word' id='word_1_168' title='bbox 221 2402 292 2454; x_wconf 89' lang='lat' dir='ltr'>natu</span> <span class='ocrx_word' id='word_1_169' title='bbox 312 2401 372 2455; x_wconf 91' lang='lat' dir='ltr'>tam</span> <span class='ocrx_word' id='word_1_170' title='bbox 393 2398 491 2456; x_wconf 89' lang='lat' dir='ltr'>multis</span> <span class='ocrx_word' id='word_1_171' title='bbox 512 2403 627 2469; x_wconf 90' lang='lat' dir='ltr'>tamque</span> <span class='ocrx_word' id='word_1_172' title='bbox 647 2398 741 2471; x_wconf 83' lang='lat' dir='ltr'>facile,</span> <span class='ocrx_word' id='word_1_173' title='bbox 763 2404 796 2456; x_wconf 93' lang='lat' dir='ltr'>ut</span> <span class='ocrx_word' id='word_1_174' title='bbox 811 2400 937 2470; x_wconf 92' lang='lat' dir='ltr'>epistola</span> <span class='ocrx_word' id='word_1_175' title='bbox 952 2399 1093 2457; x_wconf 92' lang='lat' dir='ltr'>communi</span> <span class='ocrx_word' id='word_1_176' title='bbox 1105 2398 1248 2470; x_wconf 91' lang='lat' dir='ltr'>legionum</span> 
     </span>
     <span class='ocr_line' id='line_1_22' title="bbox 133 2494 1250 2567; baseline 0.001 -17"><span class='ocrx_word' id='word_1_177' title='bbox 133 2494 247 2551; x_wconf 90' lang='lat' dir='ltr'>nomine</span> <span class='ocrx_word' id='word_1_178' title='bbox 259 2494 404 2551; x_wconf 84' lang='lat' dir='ltr'>exstiterit</span> <span class='ocrx_word' id='word_1_179' title='bbox 414 2497 581 2566; x_wconf 87' lang='lat' dir='ltr'>petentium,</span> <span class='ocrx_word' id='word_1_180' title='bbox 593 2499 625 2551; x_wconf 89' lang='lat' dir='ltr'>ut</span> <span class='ocrx_word' id='word_1_181' title='bbox 634 2495 735 2567; x_wconf 88' lang='lat' dir='ltr'>legatis</span> <span class='ocrx_word' id='word_1_182' title='bbox 747 2495 943 2553; x_wconf 89' lang='lat' dir='ltr'>consularibus</span> <span class='ocrx_word' id='word_1_183' title='bbox 953 2495 1036 2553; x_wconf 92' lang='lat' dir='ltr'>simul</span> <span class='ocrx_word' id='word_1_184' title='bbox 1047 2510 1110 2552; x_wconf 91' lang='lat' dir='ltr'>cum</span> <span class='ocrx_word' id='word_1_185' title='bbox 1121 2495 1250 2552; x_wconf 88' lang='lat' dir='ltr'>exercitu</span> 
     </span>
     <span class='ocr_line' id='line_1_23' title="bbox 134 2589 1243 2662; baseline 0.003 -17"><span class='ocrx_word' id='word_1_186' title='bbox 134 2594 165 2646; x_wconf 89' lang='lat' dir='ltr'>et</span> <span class='ocrx_word' id='word_1_187' title='bbox 181 2590 365 2662; x_wconf 87' lang='lat' dir='ltr'>triumphalia</span> <span class='ocrx_word' id='word_1_188' title='bbox 385 2591 532 2660; x_wconf 88' lang='lat' dir='ltr'>darentur,</span> <span class='ocrx_word' id='word_1_189' title='bbox 554 2606 589 2648; x_wconf 86' lang='lat' dir='ltr'>ne</span> <span class='ocrx_word' id='word_1_190' title='bbox 605 2606 717 2648; x_wconf 87' lang='lat' dir='ltr'>causam</span> <span class='ocrx_word' id='word_1_191' title='bbox 731 2589 801 2648; x_wconf 92' lang='lat' dir='ltr'>belli</span> <span class='ocrx_word' id='word_1_192' title='bbox 814 2607 925 2662; x_wconf 89' lang='lat' dir='ltr'>quoquo</span> <span class='ocrx_word' id='word_1_193' title='bbox 947 2591 1030 2648; x_wconf 92' lang='lat' dir='ltr'>modo</span> <span class='ocrx_word' id='word_1_194' title='bbox 1045 2594 1243 2662; x_wconf 51' lang='lat' dir='ltr'>quaererent!</span> 
     </span>
    </p>

    <p class='ocr_par' dir='ltr' id='par_1_9' title="bbox 61 2686 1259 3536">
     <span class='ocr_line' id='line_1_24' title="bbox 212 2686 1246 2760; baseline 0.002 -18"><span class='ocrx_word' id='word_1_195' title='bbox 212 2686 304 2759; x_wconf 77' lang='lat' dir='ltr'>Quam</span> <span class='ocrx_word' id='word_1_196' title='bbox 328 2688 480 2758; x_wconf 89' lang='lat' dir='ltr'>epistolam</span> <span class='ocrx_word' id='word_1_197' title='bbox 502 2688 714 2746; x_wconf 82' lang='lat' dir='ltr'>acerbissimam</span> <span class='ocrx_word' id='word_1_198' title='bbox 735 2704 759 2745; x_wconf 93' lang='lat' dir='ltr'>a.</span> <span class='ocrx_word' id='word_1_199' title='bbox 776 2690 815 2746; x_wconf 85' lang='lat'>47</span> <span class='ocrx_word' id='word_1_200' title='bbox 837 2690 1026 2760; x_wconf 83' lang='lat' dir='ltr'>conscriptam</span> <span class='ocrx_word' id='word_1_201' title='bbox 1048 2703 1111 2746; x_wconf 89' lang='lat' dir='ltr'>esse</span> <span class='ocrx_word' id='word_1_202' title='bbox 1125 2692 1246 2760; x_wconf 89' lang='lat' dir='ltr'>apparet</span> 
     </span>
     <span class='ocr_line' id='line_1_25' title="bbox 61 2782 1245 2857; baseline -0.001 -17"><span class='ocrx_word' id='word_1_203' title='bbox 61 2813 63 2818; x_wconf 83' lang='lat'>.</span> <span class='ocrx_word' id='word_1_204' title='bbox 130 2799 167 2840; x_wconf 86' lang='lat' dir='ltr'>ex</span> <span class='ocrx_word' id='word_1_205' title='bbox 197 2783 294 2840; x_wconf 88' lang='lat' dir='ltr'>Taciti</span> <span class='ocrx_word' id='word_1_206' title='bbox 323 2783 388 2840; x_wconf 95' lang='lat' dir='ltr'>loco</span> <span class='ocrx_word' id='word_1_207' title='bbox 418 2784 496 2856; x_wconf 92' lang='lat' dir='ltr'>(ann.</span> <span class='ocrx_word' id='word_1_208' title='bbox 524 2785 581 2855; x_wconf 90' lang='lat' dir='ltr'>XI,</span> <span class='ocrx_word' id='word_1_209' title='bbox 602 2784 678 2857; x_wconf 82' lang='lat'>.20):</span> <span class='ocrx_word' id='word_1_210' title='bbox 710 2795 766 2840; x_wconf 93' lang='lat' dir='ltr'>non</span> <span class='ocrx_word' id='word_1_211' title='bbox 795 2784 887 2841; x_wconf 91' lang='lat' dir='ltr'>multo</span> <span class='ocrx_word' id='word_1_212' title='bbox 920 2789 986 2854; x_wconf 87' lang='lat' dir='ltr'>post</span> <span class='ocrx_word' id='word_1_213' title='bbox 1012 2782 1063 2842; x_wconf 89' lang='lat' dir='ltr'>Cn.</span> <span class='ocrx_word' id='word_1_214' title='bbox 1090 2784 1245 2842; x_wconf 88' lang='lat' dir='ltr'>Domitium</span> 
     </span>
     <span class='ocr_line' id='line_1_26' title="bbox 133 2879 1243 2956; baseline -0.001 -19"><span class='ocrx_word' id='word_1_215' title='bbox 133 2880 323 2938; x_wconf 79' lang='lat' dir='ltr'>Corbulonem</span> <span class='ocrx_word' id='word_1_216' title='bbox 354 2879 473 2939; x_wconf 88' lang='lat' dir='ltr'>Curtius</span> <span class='ocrx_word' id='word_1_217' title='bbox 493 2879 610 2956; x_wconf 62' lang='lat' dir='ltr'>Rumsq</span> <span class='ocrx_word' id='word_1_218' title='bbox 644 2885 831 2950; x_wconf 88' lang='lat' dir='ltr'>,ornamenta</span> <span class='ocrx_word' id='word_1_219' title='bbox 855 2880 1043 2952; x_wconf 87' lang='lat' dir='ltr'>triumphalia</span> <span class='ocrx_word' id='word_1_220' title='bbox 1068 2881 1243 2952; x_wconf 90' lang='lat' dir='ltr'>adipiscitur,</span> 
     </span>
     <span class='ocr_line' id='line_1_27' title="bbox 132 2977 1244 3050; baseline 0.004 -17"><span class='ocrx_word' id='word_1_221' title='bbox 132 2978 232 3046; x_wconf 91' lang='lat' dir='ltr'>quiin</span> <span class='ocrx_word' id='word_1_222' title='bbox 252 2994 324 3048; x_wconf 91' lang='lat' dir='ltr'>agro</span> <span class='ocrx_word' id='word_1_223' title='bbox 344 2977 485 3046; x_wconf 84' lang='lat' dir='ltr'>Mattiaco</span> <span class='ocrx_word' id='word_1_224' title='bbox 513 2979 673 3036; x_wconf 88' lang='lat' dir='ltr'>recluserat</span> <span class='ocrx_word' id='word_1_225' title='bbox 698 2995 800 3050; x_wconf 87' lang='lat' dir='ltr'>specus</span> <span class='ocrx_word' id='word_1_226' title='bbox 826 2978 996 3048; x_wconf 88' lang='lat' dir='ltr'>quaerendis</span> <span class='ocrx_word' id='word_1_227' title='bbox 1021 2978 1244 3050; x_wconf 86' lang='lat' dir='ltr'>venisargenti.</span> 
     </span>
     <span class='ocr_line' id='line_1_28' title="bbox 131 3073 1243 3147; baseline 0.001 -18"><span class='ocrx_word' id='word_1_228' title='bbox 131 3073 239 3144; x_wconf 81' lang='lat' dir='ltr'>Quibus</span> <span class='ocrx_word' id='word_1_229' title='bbox 258 3073 406 3132; x_wconf 87' lang='lat' dir='ltr'>laboribus</span> <span class='ocrx_word' id='word_1_230' title='bbox 426 3077 561 3134; x_wconf 90' lang='lat' dir='ltr'>subactus</span> <span class='ocrx_word' id='word_1_231' title='bbox 585 3076 669 3133; x_wconf 88' lang='lat' dir='ltr'>miles</span> <span class='ocrx_word' id='word_1_232' title='bbox 689 3080 719 3133; x_wconf 90' lang='lat' dir='ltr'>ct</span> <span class='ocrx_word' id='word_1_233' title='bbox 743 3075 809 3144; x_wconf 89' lang='lat' dir='ltr'>qnia</span> <span class='ocrx_word' id='word_1_234' title='bbox 830 3075 929 3146; x_wconf 90' lang='lat' dir='ltr'>plures</span> <span class='ocrx_word' id='word_1_235' title='bbox 949 3091 1002 3147; x_wconf 91' lang='lat' dir='ltr'>per</span> <span class='ocrx_word' id='word_1_236' title='bbox 1022 3074 1185 3144; x_wconf 84' lang='lat' dir='ltr'>provincias</span> <span class='ocrx_word' id='word_1_237' title='bbox 1206 3074 1243 3130; x_wconf 91' lang='lat' dir='ltr'>si-</span> 
     </span>
     <span class='ocr_line' id='line_1_29' title="bbox 129 3170 1259 3243; baseline -0.001 -16"><span class='ocrx_word' id='word_1_238' title='bbox 129 3170 211 3227; x_wconf 90' lang='lat' dir='ltr'>milia</span> <span class='ocrx_word' id='word_1_239' title='bbox 230 3170 444 3240; x_wconf 90' lang='lat' dir='ltr'>tolerabantur,</span> <span class='ocrx_word' id='word_1_240' title='bbox 472 3171 617 3243; x_wconf 90' lang='lat' dir='ltr'>componit</span> <span class='ocrx_word' id='word_1_241' title='bbox 641 3171 769 3229; x_wconf 90' lang='lat' dir='ltr'>occultas</span> <span class='ocrx_word' id='word_1_242' title='bbox 789 3171 903 3228; x_wconf 88' lang='lat' dir='ltr'>litteras</span> <span class='ocrx_word' id='word_1_243' title='bbox 928 3170 1042 3228; x_wconf 90' lang='lat' dir='ltr'>nomine</span> <span class='ocrx_word' id='word_1_244' title='bbox 1068 3170 1259 3227; x_wconf 51' lang='lat' dir='ltr'>enercituum¹</span> 
     </span>
     <span class='ocr_line' id='line_1_30' title="bbox 129 3265 1242 3339; baseline 0.002 -17"><span class='ocrx_word' id='word_1_245' title='bbox 129 3267 311 3338; x_wconf 88' lang='lat' dir='ltr'>precantium</span> <span class='ocrx_word' id='word_1_246' title='bbox 336 3267 549 3339; x_wconf 90' lang='lat' dir='ltr'>imperatorem,</span> <span class='ocrx_word' id='word_1_247' title='bbox 581 3271 622 3337; x_wconf 89' lang='lat' dir='ltr'>ut,</span> <span class='ocrx_word' id='word_1_248' title='bbox 650 3267 753 3338; x_wconf 89' lang='lat' dir='ltr'>quibus</span> <span class='ocrx_word' id='word_1_249' title='bbox 778 3267 966 3339; x_wconf 87' lang='lat' dir='ltr'>permissurus</span> <span class='ocrx_word' id='word_1_250' title='bbox 993 3271 1071 3324; x_wconf 90' lang='lat' dir='ltr'>esset</span> <span class='ocrx_word' id='word_1_251' title='bbox 1091 3265 1242 3338; x_wconf 85' lang='lat' dir='ltr'>exercitus,</span> 
     </span>
     <span class='ocr_line' id='line_1_31' title="bbox 129 3357 1243 3435; baseline 0.001 -17"><span class='ocrx_word' id='word_1_252' title='bbox 129 3363 318 3434; x_wconf 88' lang='lat' dir='ltr'>triumphalia</span> <span class='ocrx_word' id='word_1_253' title='bbox 348 3369 416 3422; x_wconf 90' lang='lat' dir='ltr'>ante</span> <span class='ocrx_word' id='word_1_254' title='bbox 450 3364 619 3421; x_wconf 85' lang='lat' dir='ltr'>tribueret.“</span> <span class='ocrx_word' id='word_1_255' title='bbox 664 3364 745 3434; x_wconf 81' lang='lat' dir='ltr'>Quod</span> <span class='ocrx_word' id='word_1_256' title='bbox 775 3357 994 3435; x_wconf 77' lang='lat' dir='ltr'>Nipperdeius³l</span> <span class='ocrx_word' id='word_1_257' title='bbox 1026 3361 1158 3420; x_wconf 81' lang='lat' dir='ltr'>Suetonii</span> <span class='ocrx_word' id='word_1_258' title='bbox 1187 3362 1243 3420; x_wconf 93' lang='lat' dir='ltr'>loci</span> 
     </span>
     <span class='ocr_line' id='line_1_32' title="bbox 128 3458 1242 3536; baseline 0.001 -22"><span class='ocrx_word' id='word_1_259' title='bbox 128 3459 258 3516; x_wconf 91' lang='lat' dir='ltr'>ultimam</span> <span class='ocrx_word' id='word_1_260' title='bbox 285 3464 398 3532; x_wconf 86' lang='lat' dir='ltr'>partem</span> <span class='ocrx_word' id='word_1_261' title='bbox 425 3478 461 3517; x_wconf 85' lang='lat' dir='ltr'>ex</span> <span class='ocrx_word' id='word_1_262' title='bbox 482 3459 584 3518; x_wconf 76' lang='lat' dir='ltr'>Tacito</span> <span class='ocrx_word' id='word_1_263' title='bbox 611 3460 810 3530; x_wconf 86' lang='lat' dir='ltr'>corrigendam</span> <span class='ocrx_word' id='word_1_264' title='bbox 830 3463 937 3531; x_wconf 84' lang='lat' dir='ltr'>censet,</span> <span class='ocrx_word' id='word_1_265' title='bbox 965 3459 1110 3530; x_wconf 89' lang='lat' dir='ltr'>obloquor.</span> <span class='ocrx_word' id='word_1_266' title='bbox 1152 3458 1242 3536; x_wconf 91' lang='lat' dir='ltr'>Immo</span> 
     </span>
    </p>
   </div>
   <div class='ocr_carea' id='block_1_6' title="bbox 128 3676 1243 4098">
    <p class='ocr_par' dir='ltr' id='par_1_10' title="bbox 128 3676 1243 4098">
     <span class='ocr_line' id='line_1_33' title="bbox 128 3676 1243 3748; baseline 0.001 -20"><span class='ocrx_word' id='word_1_267' title='bbox 128 3691 156 3744; x_wconf 91' lang='lat' dir='ltr'>p.</span> <span class='ocrx_word' id='word_1_268' title='bbox 177 3677 227 3729; x_wconf 88' lang='lat'>198</span> <span class='ocrx_word' id='word_1_269' title='bbox 246 3677 299 3746; x_wconf 87' lang='lat' dir='ltr'>sq.)</span> <span class='ocrx_word' id='word_1_270' title='bbox 318 3693 466 3747; x_wconf 88' lang='lat' dir='ltr'>perperam</span> <span class='ocrx_word' id='word_1_271' title='bbox 484 3677 520 3731; x_wconf 92' lang='lat' dir='ltr'>ad</span> <span class='ocrx_word' id='word_1_272' title='bbox 538 3677 569 3732; x_wconf 90' lang='lat' dir='ltr'>L.</span> <span class='ocrx_word' id='word_1_273' title='bbox 584 3677 718 3748; x_wconf 85' lang='lat' dir='ltr'>Silanum,</span> <span class='ocrx_word' id='word_1_274' title='bbox 736 3677 858 3745; x_wconf 82' lang='lat' dir='ltr'>Augusti</span> <span class='ocrx_word' id='word_1_275' title='bbox 876 3677 1051 3746; x_wconf 90' lang='lat' dir='ltr'>adnepotem,</span> <span class='ocrx_word' id='word_1_276' title='bbox 1070 3676 1156 3730; x_wconf 87' lang='lat' dir='ltr'>Marci</span> <span class='ocrx_word' id='word_1_277' title='bbox 1180 3691 1243 3730; x_wconf 91' lang='lat' dir='ltr'>con-</span> 
     </span>
     <span class='ocr_line' id='line_1_34' title="bbox 128 3761 552 3836; baseline 0.012 -21"><span class='ocrx_word' id='word_1_278' title='bbox 128 3761 197 3816; x_wconf 89' lang='lat' dir='ltr'>sulis</span> <span class='ocrx_word' id='word_1_279' title='bbox 217 3779 241 3818; x_wconf 93' lang='lat' dir='ltr'>a.</span> <span class='ocrx_word' id='word_1_280' title='bbox 260 3767 295 3818; x_wconf 85' lang='lat'>46</span> <span class='ocrx_word' id='word_1_281' title='bbox 314 3764 411 3836; x_wconf 88' lang='lat' dir='ltr'>filium,</span> <span class='ocrx_word' id='word_1_282' title='bbox 431 3766 552 3820; x_wconf 86' lang='lat' dir='ltr'>revocat.</span> 
     </span>
     <span class='ocr_line' id='line_1_35' title="bbox 178 3839 853 3923; baseline 0.001 -17"><span class='ocrx_word' id='word_1_283' title='bbox 178 3839 220 3920; x_wconf 70' lang='lat'>⁹¹)</span> <span class='ocrx_word' id='word_1_284' title='bbox 240 3850 274 3906; x_wconf 87' lang='lat' dir='ltr'>cf.</span> <span class='ocrx_word' id='word_1_285' title='bbox 294 3852 468 3911; x_wconf 66' lang='lat' dir='ltr'>abessan:</span> <span class='ocrx_word' id='word_1_286' title='bbox 488 3853 550 3923; x_wconf 88' lang='lat' dir='ltr'>eph.</span> <span class='ocrx_word' id='word_1_287' title='bbox 569 3854 656 3922; x_wconf 86' lang='lat' dir='ltr'>epigr.</span> <span class='ocrx_word' id='word_1_288' title='bbox 676 3851 727 3923; x_wconf 93' lang='lat'>111,</span> <span class='ocrx_word' id='word_1_289' title='bbox 745 3869 773 3922; x_wconf 92' lang='lat' dir='ltr'>p.</span> <span class='ocrx_word' id='word_1_290' title='bbox 793 3853 853 3907; x_wconf 78' lang='lat'>224.</span> 
     </span>
     <span class='ocr_line' id='line_1_36' title="bbox 202 3938 947 4011; baseline 0.001 -18"><span class='ocrx_word' id='word_1_291' title='bbox 202 3940 223 4008; x_wconf 87' lang='lat'>²)</span> <span class='ocrx_word' id='word_1_292' title='bbox 242 3939 306 3994; x_wconf 81' lang='lat' dir='ltr'>ride</span> <span class='ocrx_word' id='word_1_293' title='bbox 324 3938 397 3993; x_wconf 80' lang='lat' dir='ltr'>infra</span> <span class='ocrx_word' id='word_1_294' title='bbox 414 3942 486 4009; x_wconf 77' lang='lat' dir='ltr'>part.</span> <span class='ocrx_word' id='word_1_295' title='bbox 506 3939 543 4011; x_wconf 85' lang='grc' dir='ltr'>ΙΙ,</span> <span class='ocrx_word' id='word_1_296' title='bbox 561 3956 584 3996; x_wconf 91' lang='lat' dir='ltr'>c.</span> <span class='ocrx_word' id='word_1_297' title='bbox 603 3939 679 4008; x_wconf 69' lang='lat'>1115</span> <span class='ocrx_word' id='word_1_298' title='bbox 698 3940 723 3995; x_wconf 85' lang='lat'>5.</span> <span class='ocrx_word' id='word_1_299' title='bbox 743 3942 767 3994; x_wconf 85' lang='grc'>6.</span> <span class='ocrx_word' id='word_1_300' title='bbox 785 3955 812 4008; x_wconf 93' lang='lat' dir='ltr'>p.</span> <span class='ocrx_word' id='word_1_301' title='bbox 832 3939 866 3994; x_wconf 86' lang='lat'>55</span> <span class='ocrx_word' id='word_1_302' title='bbox 886 3955 947 4010; x_wconf 91' lang='lat' dir='ltr'>sqq.</span> 
     </span>
     <span class='ocr_line' id='line_1_37' title="bbox 200 4026 536 4098; baseline 0.009 -18"><span class='ocrx_word' id='word_1_303' title='bbox 200 4026 536 4098; x_wconf 52' lang='lat' dir='ltr'>CmXAHEQ</span> 
     </span>
    </p>
   </div>
   <div class='ocr_carea' id='block_1_7' title="bbox 0 0 1496 4852">
    <p class='ocr_par' dir='ltr' id='par_1_11' title="bbox 0 0 1496 4852">
     <span class='ocr_line' id='line_1_38' title="bbox 0 0 1496 4852; baseline 0 3"><span class='ocrx_word' id='word_1_304' title='bbox 0 0 1496 4852; x_wconf 95' lang='lat' dir='ltr'> </span> 
     </span>
    </p>
   </div>
  </div>
 </body>
</html>
