2984 4852
686 427 905 490 ..50-

238 648 315 702 teste
328 643 453 715 Josepho
474 641 554 715 (bell.
569 639 638 698 Jud.
659 639 712 710 ΙΙΙ,
735 641 760 709 l,
779 636 812 711 Ι)
833 634 1030 706 Vespasianus
1047 649 1096 690 res
1113 630 1357 704 praeclarissimas

242 757 268 797 a.
290 740 410 797 43-44
431 737 563 811 gesserit,
590 736 662 795 nihil
688 741 741 805 est,
767 751 819 791 cnr
843 732 1054 803 Vespasianum
1074 746 1132 787 una
1152 745 1217 786 cum
1236 727 1358 799 reliquis

238 840 308 894 ante
322 836 499 908 triumphum
513 833 627 893 Claudii
640 832 828 904 triumphalia
847 847 905 888 non
919 828 1063 901 accepisse
1077 831 1218 899 putemus.
1261 826 1358 883 Decus

241 933 331 1005 igitur
350 932 463 1003 accepit
483 934 549 1003 post
569 935 736 1003 praeturam
756 945 782 985 a.
798 929 838 985 40
859 926 1093 984 administratam
1113 923 1206 997 (Suet.
1221 923 1307 994 Vesp.
1324 920 1357 996 2)

240 1033 271 1086 et
291 1031 359 1085 ante
380 1027 474 1085 fasces
494 1041 521 1085 a.
536 1027 571 1083 51
596 1030 701 1097 gestos.
742 1024 981 1096 Triumphantem
995 1021 1145 1080 Claudium
1166 1023 1281 1078 secutus
1301 1033 1359 1074 non

240 1128 294 1194 est,
316 1124 384 1194 quia
404 1121 435 1179 in
455 1120 608 1179 Britannia
627 1120 746 1178 relictus
767 1125 821 1180 est.

322 1218 349 1276 5.
391 1218 427 1278 L.
449 1217 588 1277 Junium
608 1215 780 1287 Silanum,
803 1216 951 1287 Octaviae,
974 1213 1090 1274 Claudii
1107 1213 1193 1284 filiae,
1215 1226 1359 1285 sponsum,

242 1314 464 1387 triumphalibus
484 1315 655 1373 honoratum
669 1330 732 1372 esse
746 1313 922 1372 ornamentis
942 1316 1000 1371 tres
1014 1312 1071 1369 loci
1085 1314 1187 1384 aperte
1201 1309 1360 1378 declarant,

243 1427 312 1483 quos
333 1412 468 1483 deinceps
495 1426 660 1485 proponere
681 1414 819 1481 praestat.
862 1409 982 1467 Tacitus
1006 1408 1081 1466 enim
1113 1404 1192 1481 (ann.
1213 1405 1286 1476 XII,
1314 1403 1359 1479 3):

247 1508 299 1576 „L.
321 1507 456 1578 Silano“‚
478 1508 583 1579 inquit,
609 1507 778 1576 ,Octaviam
799 1504 935 1564 Claudius
956 1504 1150 1577 desponderat
1174 1503 1362 1575 iuvenemque

245 1610 277 1663 et
296 1605 356 1664 aha
370 1606 478 1663 clarum
499 1605 604 1677 insigni
618 1604 838 1676 triumphalium
859 1607 889 1662 et
902 1601 1072 1675 gladiatorii
1085 1602 1211 1659 muneris
1230 1599 1363 1672 magnili-

246 1702 342 1759 centia
362 1701 399 1759 ad
420 1701 517 1759 studia
537 1701 616 1772 vulgi
635 1701 828 1772 protulerat.“

323 1796 479 1856 Suetonius
514 1795 630 1872 (Claud.
667 1797 732 1870 24):
778 1796 971 1867 ,Claudius“,
1012 1795 1121 1866 inquit,
1159 1793 1365 1865 „triumphalia

246 1899 415 1953 ornamenta
425 1894 534 1960 Silano,
548 1893 625 1952 filiae
636 1910 706 1952 suae
717 1911 831 1967 sponso,
847 1893 972 1953 nondum
984 1893 1086 1965 puberi
1097 1891 1186 1961 dedit,
1207 1890 1366 1948 maioribus

248 1997 318 2050 vcr'o
338 1996 409 2049 natu
422 1996 484 2047 tam
505 1991 604 2048 multis
617 1996 733 2062 tamque
753 1991 848 2061 facile,
869 1998 903 2048 ut
923 1991 1047 2064 epistola
1060 1989 1202 2048 communi
1219 1987 1367 2059 legionum

247 2089 361 2146 nomine
386 2087 533 2146 exstiterit
563 2089 735 2161 petentium,
768 2089 933 2160 utlagatis
964 2087 1160 2146 consularibus
1190 2086 1274 2143 simul
1302 2099 1366 2142 cum

251 2185 380 2244 exercitu
401 2189 431 2243 et
452 2185 638 2257 triumphalia
658 2186 824 2243 darentur.“

329 2281 460 2351 Denique
480 2282 539 2340 Dio
562 2281 642 2356 (LX,
665 2283 732 2358 31):
762 2283 794 2353 „b
816 2281 930 2346 Σιλανὸς
951 2281 1018 2359 ἀνὴρ
1040 2279 1141 2356 ἀγαθὸς
1162 2278 1299 2355 ἐνομίζετο
1321 2275 1368 2336 καὶ

249 2376 301 2435 ὑπὸ
322 2379 370 2434 τοῦ
391 2375 530 2435 Κλαυδίου
553 2376 641 2442 οὕτως
661 2378 786 2454 ἐτιμᾶτο,
819 2379 890 2438 ὥστε
911 2377 956 2438 καλ
978 2376 1120 2441 ἔπινικίους
1146 2375 1224 2452 τιμὰς
1245 2375 1273 2432 ἐν
1293 2373 1368 2433 παισὶ

252 2476 341 2550 λαβεῖν
362 2473 411 2548 τήν
425 2473 606 2553 σεθυγατέρα
620 2474 877 2535 αὐτοῦὈκταουΐαν
898 2474 1077 2552 ἐγγυήσασθαι
1097 2473 1143 2534 καὶ
1156 2473 1224 2532 πολὺ
1245 2471 1298 2550 πρὸ
1318 2472 1367 2530 τοῦ

252 2569 424 2646 καθήκοντος
454 2557 556 2648 χρόνου
588 2575 768 2650 στρατηγῆσαι
792 2573 841 2650 τήν
866 2595 897 2632 τε
922 2573 1066 2650 πανήγυριν
1097 2571 1146 2648 τὴν
1178 2569 1368 2649 προσήκουσαν

253 2665 328 2743 αὐτῷ
348 2669 404 2730 τοῖς
424 2665 529 2725 ἐκείνου
549 2667 652 2727 τέλεσιν
672 2673 808 2746 ποιῆσαι.“

332 2764 416 2824 Unde
437 2764 472 2822 de
486 2769 617 2837 tempore
630 2767 754 2839 primum
767 2769 821 2825 hoe
836 2768 1026 2826 concluserim
1040 2765 1170 2825 Silanum
1183 2763 1370 2837 triumphalia

253 2860 400 2933 accepisse
425 2866 492 2918 ante
517 2879 623 2921 annum
644 2865 697 2931 47,
729 2881 784 2936 quo
811 2865 934 2937 ephstola
959 2864 1013 2921 illa
1038 2861 1196 2935 composita
1220 2861 1259 2919 sit
1283 2859 1367 2935 (Tac.

253 2973 317 3015 ann.
339 2958 391 3029 XI,
419 2956 484 3032 20),
517 2963 585 3017 ante
610 2964 778 3031 praeturam
804 2977 829 3018 a.
852 2961 891 3018 48
915 2964 1027 3032 gestam
1052 2958 1136 3033 (Tac.
1157 2974 1223 3018 ann.
1243 2957 1311 3028 XII,
1338 2955 1371 3030 4)

253 3070 354 3126 neque,
376 3055 445 3124 quin
464 3055 561 3128 paullo
583 3061 650 3114 ante
670 3053 845 3130 triumphum
865 3055 981 3114 Claudii
1001 3055 1147 3134 acceperit
1167 3070 1231 3112 cum
1252 3053 1369 3121 ceteris,

255 3150 416 3222 quisquam,
438 3167 608 3223 quamquam
629 3159 739 3211 eertum
759 3154 956 3212 testimonium
976 3153 1064 3223 deest,
1087 3150 1266 3226 dubitabit.¹)

334 3246 358 3305 J
358 3263 405 3304 am
418 3249 608 3322 quaesiturus,
630 3266 685 3321 quo
700 3250 807 3308 aetatis
820 3267 895 3308 anno
912 3252 1081 3308 ornamenta
1102 3248 1257 3321 acceperit,
1278 3246 1372 3305 tribus

255 3343 435 3415 potissimum
457 3347 552 3404 causis
571 3363 701 3405 moveor:

256 3439 358 3512 prima,
384 3440 458 3511 quod
476 3441 600 3500 testibus
620 3442 756 3501 Suetonio
777 3448 809 3500 et
831 3443 925 3502 Dione
945 3441 1041 3499 Silano
1062 3440 1187 3498 nondum
1206 3439 1310 3513 puberi
1330 3437 1373 3514 (ἐν

257 3533 359 3610 παισίν)
381 3536 451 3596 data
471 3538 543 3608 sint3
1253 3597 1256 3602 ,

258 3633 361 3701 altera,
383 3633 459 3704 quod
479 3633 633 3691 secundum
653 3634 791 3705 reliquias
811 3634 892 3692 tituli
907 3633 1055 3700 Tiburtini
1074 3633 1105 3689 in
1125 3633 1289 3692 universum
1306 3649 1374 3705 pro·

257 3729 394 3787 habiliter
413 3746 432 3787 a
451 3730 657 3805 Mommsen02)
675 3731 705 3789 in
725 3731 800 3789 hanc
819 3729 942 3788 formam
960 3730 1104 3788 restituti:

332 3878 352 3946 ι>
373 3876 475 3931 etenim
492 3876 549 3930 iam
567 3893 591 3932 a.
611 3880 654 3947 41,
678 3893 742 3933 cum
760 3877 876 3934 Octavia
894 3877 920 3932 ei
941 3876 1162 3947 desponderetur
1185 3875 1250 3948 (Dio
1268 3875 1326 3946 LX,
1349 3876 1377 3946 5,

260 3963 336 4022 Suet.
360 3961 457 4018 Claud.
483 3965 527 4031 12)
557 3963 682 4019 Silanum
709 3965 816 4020 decoris
844 3965 1010 4035 participem
1031 3963 1136 4020 factum
1159 3979 1221 4019 esse
1243 3963 1279 4018 ab
1302 3963 1378 4018 omni

260 4050 456 4121 probabilitate
475 4051 614 4107 abhorret

332 4140 354 4208 ²)
373 4155 425 4209 pro
444 4139 547 4194 madito
566 4156 682 4196 numero
700 4139 793 4195 XVIII
811 4139 999 4196 Mommsenus
1018 4140 1093 4211 (eph
1107 4139 1187 4211 apl,
1204 4090 1236 4210 p:
1252 4138 1298 4211 63)
1316 4139 1379 4194 iure
