2984 4852
614 408 831 470 ..61-

243 612 327 672 clm.
368 613 425 682 IX,
447 616 535 674 2847.
749 617 933 676 insubuli.

164 709 225 768 clv
253 753 393 769 .....
420 711 464 769 ID
492 755 631 770 .....
657 712 788 785 iREGl.
832 713 963 773 SAOror.
1006 715 1120 773 FLAM
1142 762 1148 775 .
1172 762 1178 775 .
1203 763 1208 774 .
1232 719 1262 790 ,Ι

163 805 319 864 Pluuio
362 806 452 866 Luc.
495 807 697 868 CAESARIS.
739 809 815 868 PRO
843 854 850 870 .
883 857 889 868 .
923 857 928 868 .
961 857 968 871 .
997 811 1001 886 Ι
1029 811 1185 872 culum.
1227 815 1279 872 IN.

162 900 397 963 BRITANNIA.
441 905 563 964 AD..
592 951 628 965 ..
658 906 663 982 Ι
691 908 749 965 RO.
793 908 850 966 PR.
893 910 946 968 IN.
988 910 1167 968 HIBERIA.
1210 910 1279 969 AD.

163 999 237 1058 SHL
263 1046 270 1060 .
294 1045 300 1061 .
324 1045 330 1059 .
353 999 663 1074 .10RNAMENTA.
706 1002 894 1062 TRIVMPH
916 1049 923 1065 .
946 1051 952 1064 .
975 1049 981 1062 .
1006 1051 1011 1063 .

241 1095 399 1156 Videamus
419 1114 502 1170 nnnc,
524 1098 592 1169 quid
612 1098 729 1156 tandem
749 1116 785 1156 ex
805 1100 993 1172 inscriptione
1009 1102 1177 1161 concludere
1197 1104 1280 1161 nobis

161 1194 257 1252 liceat.
1030 1201 1031 1204 ’

147 1359 150 1364 ¹
242 1292 327 1348 Haud
349 1291 433 1349 dubie
453 1291 577 1362 primum
596 1292 652 1349 fuit
669 1293 781 1365 legatus
796 1292 936 1362 Caesaris,
959 1295 1062 1352 deinde
1084 1328 1121 1338 -
1143 1296 1279 1354 videlicet

161 1392 277 1459 praeter
288 1393 479 1458 quaesturam,
495 1388 673 1446 tribunatum
685 1389 777 1461 plebis
792 1395 843 1446 aut
857 1390 1043 1461 aedilitatem,
1059 1398 1225 1464 praeturam
1240 1426 1263 1434 -

162 1484 227 1542 aliis
247 1485 419 1556 muneribus,
448 1501 521 1556 quae
547 1486 693 1556 explorari
714 1491 864 1557 nequeunt,
887 1485 1000 1546 functus
1022 1495 1074 1560 est,
1096 1489 1210 1560 legatus
1230 1490 1277 1548 vel

162 1599 255 1640 comes
276 1580 330 1639 init
350 1581 466 1640 Claudii
491 1583 521 1640 in
541 1583 703 1655 Britannia,
736 1589 887 1656 praeterea
911 1585 1025 1656 legatus
1054 1586 1212 1643 consularis
1232 1603 1276 1658 pr.

162 1695 204 1750 pr.
231 1680 378 1737 Hiberiam
404 1680 538 1740 obtinuit.
581 1680 756 1738 Ornamenta
787 1696 852 1737 cum
882 1681 1070 1752 triumphalia
1101 1682 1132 1738 in
1152 1683 1277 1740 Hiberia

161 1776 298 1834 meruisse
318 1776 384 1834 inde
398 1776 522 1835 fortasse
537 1777 697 1848 collegeris,
721 1777 794 1847 quod
809 1779 908 1849 paullo
930 1783 996 1835 ante
1011 1779 1046 1835 de
1060 1779 1114 1836 hac
1128 1780 1277 1852 provincia

161 1889 254 1930 sermo
276 1879 328 1930 est.
371 1872 414 1930 At
439 1874 571 1931 conferas
596 1889 701 1944 quaeso
727 1874 928 1946 inscriptiones
954 1874 991 1932 ad
1016 1873 1067 1932 On.
1091 1875 1275 1951 Pinarium),

161 1969 296 2027 Severum
316 1969 519 2044 Faustinum),
540 1970 684 2028 Licinium
706 1969 834 2042 Suram³)
859 1972 1045 2042 pertinentes,
1067 1973 1169 2043 quibus
1192 1990 1276 2031 orna·

160 2071 257 2125 menta
277 2068 463 2139 triumphalia
482 2069 546 2125 loco
568 2073 696 2126 extremo
717 2068 861 2139 leguntur,
889 2069 1019 2138 quamvis
1039 2085 1216 2139 nequaquam
1238 2071 1274 2126 ob

159 2165 363 2235 magistratum
393 2167 523 2237 proxime
555 2166 772 2223 antecedentem
803 2165 921 2222 decreta
945 2167 1012 2235 sint,
1044 2166 1094 2224 sed
1116 2167 1151 2224 ob
1172 2166 1276 2224 merita

160 2262 260 2318 multo.
279 2277 367 2333 supra
393 2267 622 2320 commemorata
668 2262 768 2320 Potest
797 2263 888 2334 igitur
920 2278 955 2318 ea
985 2264 1122 2328 meruisse
1154 2263 1213 2321 sive
1244 2263 1275 2320 in

159 2358 311 2415 Britannia
330 2359 392 2417 sive
412 2359 443 2416 in
456 2359 577 2417 Hiberia
591 2361 652 2417 sive
673 2360 778 2416 alicubi
794 2359 911 2416 Claudii
931 2365 982 2416 aut
996 2376 1189 2418 successorum
1203 2364 1275 2417 tem-

159 2455 283 2526 poribus.
335 2456 436 2527 Neque
468 2457 543 2514 enim
573 2458 667 2514 minus
695 2457 835 2514 incertum
866 2457 995 2527 videtur,
1028 2461 1124 2514 utrum
1154 2456 1275 2515 Claudio

159 2558 304 2624 superstes
323 2551 412 2610 fuerit
435 2569 533 2610 necne.
574 2552 651 2626 Quid
676 2553 772 2611 enimi
805 2570 900 2610 nonne
921 2554 1044 2626 cogitari
1064 2545 1160 2625 potes't
1181 2555 1210 2611 in
1230 2555 1275 2612 la-

160 2664 232 2706 cuna
252 2653 319 2706 ante
343 2666 442 2707 vocem
470 2648 608 2718 ,Olandi“
642 2667 742 2708 vocem
776 2650 870 2719 ,divr
904 2651 1023 2708 incisam
1056 2648 1166 2709 inisse?
1206 2650 1275 2708 Sine

159 2746 244 2803 dnbio
264 2747 341 2805 inter
360 2748 498 2820 patricios
519 2753 653 2820 receptus
679 2753 723 2806 est
743 2749 832 2819 isque,
866 2753 1097 2819 antequam·rex
1128 2765 1274 2805 sacrorum

159 2849 204 2901 est
222 2843 325 2913 factus,
347 2845 480 2915 quoniam
500 2846 555 2902 hoc
575 2843 655 2918 iungi
674 2861 791 2903 munere
810 2845 917 2903 nemini
937 2846 993 2903 nisi
1013 2846 1138 2917 patricio
1159 2845 1274 2902 licuisse

48 3001 51 3010 ,
159 2941 260 2999 Cicero
281 2943 345 3017 (pro
371 2942 453 2998 domo
473 2941 556 3013 XIV,
584 2942 645 3016 48),
677 2941 779 3000 Livius
801 2943 863 3017 (Vl,
885 2944 933 3010 41,
957 2943 989 3016 9)
1012 2942 1123 2999 docent.
1167 2943 1274 3012 Regem

159 3047 255 3098 autern
275 3055 423 3096 sacrorum
442 3039 524 3096 illum
544 3044 610 3110 post
630 3054 727 3096 omnes
746 3039 934 3110 magistratus
948 3039 1165 3095 administratos
1185 3037 1273 3095 inisse

70 3215 72 3220 Ι
157 3137 396 3196 verisimillimum
417 3136 488 3192 mihi
507 3136 623 3194 videtur
643 3152 679 3193 ea
699 3136 734 3192 de
756 3151 850 3202 causa,
873 3134 949 3204 qnod
967 3135 1031 3204 regi
1045 3131 1191 3192 sacrorum
1212 3152 1273 3191 ma-

158 3235 286 3305 gistratu
299 3233 383 3304 fungi
396 3248 539 3303 nunquam
551 3226 661 3306 licuit)
681 3229 730 3305 (ci.
746 3232 866 3304 Dionys.
888 3229 939 3302 IV,
961 3231 1007 3287 74.
1030 3228 1067 3296 V,
1093 3233 1118 3287 l.
1153 3230 1230 3288 Plut.
1246 3248 1272 3302 q.

231 3396 254 3462 ¹)
273 3395 336 3451 vide
352 3395 426 3450 inira
443 3399 515 3466 part.
533 3397 569 3463 II,
588 3413 610 3453 c.
630 3396 663 3466 V,
681 3398 697 3465 ᾖ
715 3400 740 3454 4.

229 3483 250 3550 ²)
269 3484 331 3538 vide
349 3483 423 3538 inira
441 3487 513 3555 part.
532 3483 568 3554 Π,
587 3500 611 3538 c.
629 3482 690 3554 VII,
709 3485 726 3552 ἓ
744 3487 770 3538 4.

230 3570 251 3638 ³)
271 3572 333 3626 vide
351 3570 424 3626 infra
441 3574 512 3640 part.
531 3571 567 3641 II,
586 3587 609 3626 c.
628 3570 689 3641 VH,
710 3571 726 3640 ἓ
746 3574 769 3626 1.

230 3659 252 3730 ⁴)
270 3660 393 3730 itemque
416 3658 465 3715 On.
489 3659 632 3713 Pinarium
654 3658 787 3715 Severum
816 3659 909 3727 (inser.
937 3645 1182 3728 apMuratdtil,
1203 3660 1215 3711 1
1237 3683 1272 3702 =

90 3743 93 3746 ’
158 3749 219 3817 358,
239 3748 267 3819 2)
286 3751 351 3817 post
368 3747 541 3802 consulatum
559 3762 654 3814 regem
667 3762 809 3801 sacrorum
820 3745 906 3801 fuisse
919 3745 1101 3817 probabiliter
1113 3747 1272 3800 statuerunt

158 3835 305 3890 Henzenns
329 3834 412 3903 (Bull.
431 3835 506 3889 arch.
528 3835 595 3889 1868
613 3851 640 3903 p.
661 3836 724 3902 160)
747 3834 952 3904 Marquardtius
972 3836 1004 3902 (r.
1024 3833 1200 3890 Staatsverw.
1219 3831 1272 3902 III,

156 3939 184 3992 p.
197 3925 359 3992 308-309),
378 3935 441 3977 cnm
452 3923 639 3976 Mommsenus
658 3923 691 3989 (r.
705 3921 759 3976 Str.
779 3920 804 3975 1²
822 3938 850 3990 p.
863 3924 927 3990 464)
945 3922 1145 3990 imperatorum
1159 3920 1271 3990 quidem

156 4012 328 4080 temporibus
350 4026 447 4078 regem
473 4024 615 4064 sacrorum
643 4010 678 4064 ad
704 4010 884 4078 magistratus
912 4010 1064 4064 admissum
1091 4024 1153 4063 csse
1176 4024 1210 4061 ex
1228 4007 1271 4060 his
1316 4009 1318 4014 '

158 4099 265 4154 duabus
283 4091 510 4168 inscriptionibus
529 4097 703 4152 concluserit.
