2984 4852
696 401 885 460 „4-

231 581 406 670 rettulerunt
430 626 521 681 neque
551 611 711 680 triumphos
737 609 867 668 decretos
892 612 1073 680 acceperuut.
1116 606 1204 666 Certe
1230 608 1278 666 vir
1301 608 1353 667 ille

232 707 468 779 modestissimus,
490 707 695 765 familiaritate
709 707 874 780 Augustis
895 722 984 778 puero
1006 722 1072 764 usus
1086 706 1269 776 omniumque
1290 707 1353 765 eius
1466 735 1468 740 ·

237 804 420 862 consiliorum
435 804 593 877 particeps,
608 820 670 861 cum
685 803 758 862 benc
773 804 951 877 perspiceret
964 803 1148 876 imperatoris
1162 803 1353 871 voluntatem,

234 903 373 960 honorem
403 905 506 974 sponte
538 901 693 961 removisse
728 901 872 974 putandus
904 900 982 975 aar).
1034 901 1165 972 Namque
1196 900 1227 958 id
1258 900 1353 973 egisse

233 998 412 1071 Augustum,
443 1003 478 1056 ut
507 1014 646 1056 summum
673 997 812 1072 triumphi
842 998 979 1056 honorem
1010 998 1041 1055 in
1071 1013 1154 1055 suum
1180 1013 1351 1068 suorumque

234 1111 316 1153 usum
337 1100 500 1168 occuparet,
522 1096 553 1153 in
574 1100 677 1168 aperto
700 1101 752 1154 est.

198 1179 202 1188 ’
313 1193 355 1250 Et
379 1191 509 1265 profecto
540 1193 663 1264 pristino
696 1192 872 1266 reipublicae
897 1197 977 1251 statu
1004 1194 1040 1250 ab
1067 1194 1199 1264 Augusto
1225 1189 1354 1250 funditus

125 1337 127 1342 .
236 1305 374 1348 converso
401 1289 542 1360 triumphi
568 1305 647 1362 spem
672 1289 821 1362 consipere
846 1289 953 1348 nemini
978 1290 1085 1348 licebat
1108 1289 1165 1346 nisi
1186 1288 1357 1347 Caesaribus

234 1385 321 1458 ipsIs,
355 1385 460 1458 quippe
495 1385 543 1457 qui
577 1385 633 1443 soli
667 1402 807 1443 summum
841 1385 993 1459 imperium
1028 1386 1212 1458 auspiciaque
1244 1402 1355 1444 summa

234 1484 382 1541 haberent.
425 1481 486 1553 Quo
506 1481 615 1540 factum
637 1488 689 1550 est,
711 1481 1086 1558 uctrrumphorum2)1ooo
1108 1484 1227 1541 ducibus
1250 1500 1354 1552 ,orna-

236 1584 332 1638 menta
345 1579 550 1652 triumphalia“
568 1579 685 1638 decerni
699 1581 828 1639 solerent
842 1581 942 1638 eodem
962 1579 1022 1638 fere
1042 1580 1138 1648 modo,
1160 1596 1215 1652 quo
1237 1581 1354 1654 saepius

235 1694 288 1749 pro
309 1677 526 1749 magistratibus
547 1678 618 1750 ipsis
640 1674 837 1752 ornamenta³)
858 1683 972 1735 tantum
992 1665 1168 1749 quaestoria,
1195 1679 1354 1750 praetoria,
1409 1721 1411 1726 -

238 1774 402 1832 consularia
427 1775 639 1834 tribuebantur.
681 1775 839 1848 Agrippam
860 1779 955 1833 autem
975 1775 1098 1847 primum
1119 1793 1145 1834 a.
1175 1777 1211 1833 14
1237 1792 1264 1837 a.
1286 1775 1356 1837 Ohr.

237 1871 413 1929 ornamentis
428 1870 650 1944 triumphalibus
664 1872 835 1930 honoratum
851 1889 913 1931 csse
926 1869 1119 1948 Richterus⁴),
1138 1873 1354 1949 Borghesior),

238 1966 391 2044 Goelliusl)
419 1968 522 2027 Dionis
547 1969 645 2044 (LIV,
668 1968 720 2044 24)
746 1987 782 2027 ex
809 1970 873 2028 loco
900 1970 1040 2042 efficiunt,
1073 1987 1159 2041 quam
1190 1971 1356 2042 opinionem

239 2081 339 2124 omnes
358 2066 414 2125 viri
428 2066 507 2125 docti
521 2071 641 2138 excepto
655 2067 860 2143 Mommscno⁷)
874 2067 1007 2140 probant.
1043 2069 1155 2129 Novum
1170 2068 1243 2126 illud
1263 2086 1354 2142 genus

236 2163 354 2223 honoris
374 2181 442 2222 num
463 2165 526 2236 quis
546 2165 605 2222 iam
624 2181 650 2223 a.
676 2167 712 2222 14
734 2183 760 2225 a.
782 2164 851 2224 Chr.
873 2167 1031 2238 acceperit,
1060 2166 1127 2225 inde
1151 2166 1278 2239 perspici
1298 2182 1356 2224 non

239 2265 347 2334 potest,
379 2277 549 2333 quamquam
569 2262 658 2321 verba
677 2262 783 2320 Dionis
803 2263 871 2321 huic
891 2264 1031 2336 opinioni,
1055 2264 1080 2322 si
1101 2249 1283 2336 quissiaco,
1305 2281 1354 2322 ne-

239 2355 381 2431 quaquam
402 2355 554 2435 obstant.⁸)

310 2542 319 2575 1

309 2541 332 2700 ²3
351 2540 770 2700 ἒυῗξὲξειῇἒεὲΐὲἑοωῒοε
790 2632 924 2702 (exceptis
948 2633 1176 2702 imperatoribus)
1200 2631 1357 2704 composuit

237 2717 439 2774 Mommsenus:
457 2736 480 2778 r.
494 2717 609 2774 Staatsr.
628 2718 651 2789 Ι,
670 2734 698 2789 p.
720 2720 769 2776 133
788 2718 891 2791 adnot„
909 2721 958 2775 ubi
976 2720 1084 2790 Steupii
1103 2725 1179 2777 certa
1198 2723 1357 2777 coniectura

237 2807 272 2862 dc
290 2807 461 2877 transposito
480 2805 541 2862 loco
559 2808 589 2862 in
607 2807 697 2862 Taciti
716 2809 863 2870 annalibus
882 2809 945 2878 (Rh.
958 2809 1028 2866 Mus.
1047 2810 1144 2882 XXIV,
1164 2814 1242 2882 1869,
1259 2828 1287 2881 p.
1307 2813 1353 2881 72)

238 2911 304 2949 usus
322 2911 379 2950 non
398 2896 448 2950 est
484 2895 546 2950 Meo
570 2895 683 2966 quidem
700 2895 803 2952 iudicio
821 2896 1010 2953 Mommsenus
1027 2899 1057 2953 in
1080 2915 1113 2954 eo
1131 2897 1250 2969 fallitur,
1279 2899 1354 2970 quod
1473 2947 1476 2956 ,

239 2979 395 3038 ovationem
407 2982 499 3038 Druso
513 3000 537 3041 a.
551 2988 581 3039 11
593 3001 617 3040 a.
631 2982 695 3040 Chr.
709 2984 850 3040 decretam
864 2986 986 3041 secernit
997 2987 1032 3041 ab
1046 2987 1174 3042 ovatione
1185 3003 1209 3042 a.
1223 2989 1238 3041 9
1252 3003 1276 3042 a
1290 2985 1355 3043 Chr.

240 3073 264 3126 ei
287 3074 455 3142 praeparata
478 3088 510 3127 ac
532 3075 623 3128 morte
640 3073 782 3144 prohibita
811 3090 928 3144 eamque
951 3091 975 3133 a.
998 3077 1030 3130 10
1045 3091 1069 3130 a.
1089 3074 1153 3130 Chr.
1180 3076 1237 3129 iam
1264 3076 1356 3130 actam

239 3176 300 3214 esse
312 3159 410 3216 Dionis
428 3161 490 3217 loco
504 3160 585 3232 (LIV,
599 3163 644 3232 36)
665 3161 748 3216 elicit.
785 3161 906 3216 Revera
924 3179 948 3221 a.
970 3166 1003 3218 10
1020 3179 1044 3218 a.
1058 3161 1122 3219 Chr.
1142 3179 1233 3234 neque
1244 3162 1355 3230 Drusus

239 3265 330 3318 neque
354 3248 495 3319 Tiberius,
523 3250 612 3306 tribus
634 3250 784 3321 triumphis
804 3267 828 3309 a.
848 3253 872 3306 9.
892 3254 916 3306 7.
936 3266 960 3306 a.
981 3249 1058 3310 Chr..
1090 3253 1121 3306 12
1145 3268 1171 3321 p.
1196 3251 1260 3307 Chr.
1285 3252 1356 3305 actis

240 3338 385 3392 contentus
404 3339 476 3392 teste
495 3337 601 3404 Velleio
620 3337 657 3408 II,
677 3340 749 3409 122),
768 3339 896 3394 ovatione
915 3339 1013 3395 urbem
1031 3340 1174 3408 ingressus
1193 3342 1244 3395 est.

311 3424 331 3490 ³)
349 3425 508 3498 cibangc:
534 3427 559 3482 r.
577 3426 635 3482 Ait.
659 3426 686 3481 1³
708 3443 735 3497 p.
754 3429 814 3482 741.
834 3430 895 3482 791.
914 3429 974 3483 897.
1002 3426 1056 3498 ΙΙΙ,
1079 3445 1107 3498 p.
1131 3429 1191 3484 380.
1214 3430 1275 3483 444.
1295 3429 1356 3482 679.

239 3511 290 3583 ΙΙΙ,
309 3529 336 3582 p.
356 3517 417 3570 217.
436 3515 497 3570 335.
516 3518 577 3573 471.
597 3515 662 3584 5403
681 3514 821 3570 Momms:
839 3533 862 3570 r.
883 3514 999 3573 Staatsr.
1019 3514 1041 3586 Ι,
1059 3531 1086 3586 p.
1105 3518 1158 3571 439
1178 3531 1238 3587 sqq.

311 3603 334 3668 4)
353 3601 371 3660 1.
390 3602 408 3661 l.
427 3619 454 3672 p.
474 3606 490 3658 8
510 3619 571 3674 sqq.

312 3690 333 3759 5)
353 3690 448 3744 annali
464 3691 529 3747 inst.
549 3690 623 3747 arch.
645 3694 722 3763 1846,
740 3708 767 3762 p.
787 3693 838 3748 336
858 3717 893 3738 =
911 3708 975 3763 opp.
994 3693 1026 3749 V.
1046 3696 1088 3749 26.

354 3779 372 3834 l.
391 3778 409 3833 l.
428 3795 454 3848 p.
474 3781 517 3835 39.

313 3867 376 3935 ⁷)'r.
395 3867 511 3926 Staatsr.
530 3867 553 3939 Ι,
571 3885 600 3938 p.
617 3870 679 3924 449.
699 3869 762 3928 adn.
782 3873 807 3926 2.

310 3955 333 4023 ,8)
353 3973 378 4010 v.
396 3955 469 4010 infra
487 3973 514 4026 p.
535 3960 576 4012 14.

698 4104 902 4114 ...a—
