2984 4852
672 427 707 438 ..
760 382 885 454 70..

220 601 330 658 batam.
372 599 479 659 Cursus
499 600 639 658 honorum
660 601 721 659 eius
741 602 789 659 hio
809 600 870 660 fere
890 601 958 660 fult:
981 603 1115 676 deinceps
1134 605 1268 664 triumvir
1281 605 1338 663 init

220 697 381 767 monetalis,
413 701 551 768 quaestor
576 697 697 768 Tiberii,
728 699 841 770 legatus
866 698 990 770 legionis
1011 700 1038 758 V
1058 700 1190 758 Alaudae
1214 702 1337 760 15051·-

220 794 352 870 mauia¹),
373 800 493 868 praetor
512 795 647 855 urbanus.
688 797 794 856 Utrum
814 813 848 855 re
869 813 938 856 vara
958 802 1026 870 post
1039 804 1224 869 quaesturam
1237 799 1339 857 statim

222 893 259 952 ad
290 897 460 965 praeturam
491 896 609 950 euectus
639 909 677 951 au
702 909 801 952 errore
827 894 1009 965 quadratarii
1028 911 1146 953 munere
1166 912 1218 953 suo
1239 896 1338 966 negle-

220 989 395 1061 gentissime,
417 983 557 1060 imprimis
571 991 703 1048 versibus
719 994 765 1050 10.
783 993 829 1050 14.
847 990 1047 1066 16.18.21¹)‚
1068 993 1161 1050 iuncti
1179 994 1343 1051 tribunatus

222 1088 315 1159 plebis
340 1090 391 1144 aut
416 1086 552 1145 aedilitas
577 1087 784 1158 praetermissa
809 1088 857 1158 sit,
890 1103 947 1145 non
973 1093 1095 1147 constat.
1137 1088 1211 1146 Tum
1231 1091 1342 1162 lagatus

223 1188 252 1242 ot
278 1200 374 1242 comes
394 1181 511 1241 Claudii
535 1183 566 1240 in
591 1183 746 1241 Britannia
777 1201 803 1241 a.
831 1184 969 1256 43-44,
1003 1186 1101 1242 consul
1121 1185 1139 1242 I
1159 1186 1223 1245 suff.
1244 1203 1271 1245 a.
1293 1188 1341 1256 45,

224 1281 377 1354 proconsul
398 1281 487 1339 Asiae
511 1282 563 1339 sub
589 1281 706 1341 Nerone
732 1297 807 1338 anno
834 1282 897 1338 fere
919 1276 983 1356 55³)
1015 1280 1066 1356 (cf.
1092 1283 1209 1339 titulum
1230 1283 1341 1341 Tiburt.

225 1383 256 1436 et
277 1377 493 1450 inscriptionem
514 1378 693 1436 Trallianam
718 1395 764 1450 ap.
786 1378 954 1452 WaddIngt.
981 1377 1047 1437 fast.
1069 1378 1093 1451 I,
1126 1397 1154 1452 p.
1180 1379 1250 1454 130)
1277 1380 1341 1452 init,

224 1477 340 1548 legatus
359 1473 437 1547 Aug.
465 1491 508 1548 pr.
534 1492 579 1547 pr.
601 1475 743 1534 Moesiam
767 1475 846 1533 inter
870 1492 897 1535 a.
924 1477 962 1535 58
990 1482 1020 1534 et
1042 1477 1079 1534 69
1112 1475 1162 1549 (cf.
1184 1478 1254 1536 Tac.
1274 1477 1342 1534 hist.

224 1570 478 1645 111‚75.1‚79),
511 1572 589 1629 haud
614 1572 699 1630 dubie
720 1588 745 1630 a.
774 1573 822 1644 62,
854 1578 887 1630 ut
918 1573 1064 1631 concludit
1095 1591 1131 1631 ex
1161 1573 1225 1632 loco
1247 1575 1344 1632 Taciti

227 1667 308 1743 (ann.
331 1669 396 1740 XV,
420 1667 451 1742 6)
481 1684 545 1726 oum
565 1668 646 1726 tituli
666 1670 796 1728 versibus
817 1670 904 1727 8-9
932 1669 1038 1729 collato
1059 1669 1255 1744 Humanum),
1287 1687 1344 1728 non

228 1767 289 1824 sine
315 1765 408 1838 gloria
430 1765 564 1834 obtinuit,
596 1782 622 1824 a.
651 1765 902 1826 70X1K.Ju1.
928 1765 1073 1838 pontificis
1097 1783 1214 1824 munero
1233 1766 1345 1826 Romae

227 1861 342 1920 functus
363 1867 409 1919 est
428 1866 504 1920 teste
525 1860 629 1919 Tacito
650 1861 730 1936 (hist.
753 1861 805 1933 IV,
833 1861 886 1936 53)
910 1861 941 1918 in
967 1863 1108 1920 sacrando
1133 1864 1237 1936 spatio,
1270 1864 1344 1935 quod

228 1960 335 2031 templo
349 1958 373 2017 J
373 1960 434 2017 oris
447 1957 607 2031 Capitolini
621 1958 780 2018 dicabatur.
821 1957 926 2016 Paullo
947 1964 1012 2030 post
1044 1992 1070 2001 -
1086 1977 1112 2019 a.
1135 1962 1171 2018 71
1188 1961 1236 2018 vel
1251 1961 1288 2018 72
1303 1993 1342 2002 -

227 2056 389 2128 Hispaniae
410 2054 546 2128 praefuit,
573 2056 648 2113 unde
673 2072 730 2113 non
751 2057 794 2113 ita
815 2057 904 2113 multo
926 2057 992 2128 post
1011 2057 1132 2114 Romam
1152 2057 1190 2115 ad
1211 2057 1345 2130 praetec-

228 2158 325 2210 turam
346 2153 558 2226 suscipiendam
579 2153 676 2220 rediit,
698 2169 830 2224 annoque
852 2154 890 2210 74
905 2153 997 2210 fasces
1011 2153 1117 2210 iterum
1130 2155 1232 2226 gessit.
1273 2154 1346 2213 Vita

231 2250 357 2308 decessit
376 2251 518 2323 regnante
539 2251 727 2323 Vespasiano,
755 2251 889 2322 quoniam
910 2250 1119 2322 imperatorin
1140 2251 1224 2309 titulo
1240 2252 1346 2309 Tibur-

230 2347 293 2405 tino
316 2347 433 2416 ,divum
457 2363 514 2403 non
534 2346 707 2419 appellatur.

312 2443 373 2518 §4
393 2439 531 2501 Proxime
553 2444 683 2514 sequitur
703 2441 760 2501 On.
776 2443 942 2502 Pinarius
964 2443 1152 2502 Cornelius
1173 2443 1346 2515 Clemens,

231 2545 264 2599 ut
295 2539 419 2599 efficitur
444 2542 530 2599 tltulo
557 2543 594 2598 ab
614 2541 752 2599 Henzono
777 2541 809 2598 iu
828 2542 902 2599 hanc
923 2539 1045 2600 formam
1065 2543 1174 2614 optime
1194 2543 1345 2601 restituto:

273 2638 395 2697 Henzen
416 2638 493 2695 5427
516 2637 564 2713 (=
574 2637 671 2696 Wilm.
694 2637 749 2698 Ex.
771 2639 795 2704 I,
819 2638 918 2713 1142).
960 2637 1156 2698 HISPIILLI.
1179 2637 1309 2714 (Umbr.)

307 2731 355 2788 οΝ
388 2775 394 2788 .
423 2731 599 2788 PINARIVS
619 2773 625 2787 .
644 2731 667 2786 L
687 2731 734 2787 ,F
756 2776 762 2787 .
781 2731 879 2787 PAP.
899 2731 1063 2787 GORnelius
1084 2775 1090 2788 .
1109 2733 1231 2788 clemens
1251 2775 1257 2788 .
1277 2748 1350 2788 cos.

235 2822 326 2890 Aug.
361 2819 366 2893 Ι
399 2819 523 2877 LEGAT
544 2862 550 2877 .
570 2819 692 2876 PROPR
711 2863 717 2876 .
736 2819 940 2876 EXEROITVS
960 2819 1023 2886 QVI
1042 2862 1048 2875 .
1068 2822 1112 2876 est
1130 2863 1137 2876 .
1154 2821 1185 2875 iu
1203 2819 1353 2877 Germania

233 2926 286 2980 sup
306 2952 312 2965 .
332 2925 382 2965 our
401 2950 408 2964 .
427 2908 538 2963 aedium
566 2911 571 2974 1
601 2906 801 2964 SACRARVM
819 2905 1019 2974 LOOORVIIQ
1040 2950 1046 2963 .
1066 2907 1221 2963 PVBLioor
1234 2951 1246 2964 .
1265 2908 1351 2963 hono-

233 2999 312 3052 ratus
331 3039 338 3054 .
357 3014 374 3052 a
396 2998 497 3052 senatu
530 2999 535 3063 Ι
570 2994 869 3064 TRIVMPHALIBVS
894 3038 900 3051 .
924 2995 1158 3052 ORNAMENTis
1182 3038 1188 3051 .
1212 2998 1351 3052 auctore.

235 3084 316 3155 Imp.
331 3084 401 3140 Caes
415 3127 422 3140 .
437 3084 608 3154 Vespasiano
629 3126 635 3139 .
653 3084 718 3153 Aug
733 3125 739 3139 .
758 3085 794 3139 ob
806 3100 852 3139 res
877 3088 881 3151 Ι
906 3083 946 3140 ΙΝ
966 3082 1151 3140 GERMANia
1165 3125 1176 3140 .
1196 3100 1351 3155 prospere.

236 3175 338 3243 gestas.

307 3351 329 3420 ¹)
350 3349 383 3406 ci.
402 3350 529 3405 Henacn:
549 3365 612 3406 ann.
631 3349 696 3404 iust.
716 3348 790 3406 arch.
812 3349 879 3404 1859
898 3366 926 3419 p.
946 3349 988 3408 25.
1300 3409 1304 3418 ,

308 3438 331 3510 ¹)
350 3437 527 3494 scribendum
551 3439 613 3492 erat
634 3453 717 3493 versu
738 3439 783 3494 10:
801 3439 912 3508 purtem
933 3453 1074 3507 magnam
1104 3439 1149 3492 14:
1172 3435 1285 3503 tranem
1307 3437 1353 3493 16:

237 3543 288 3598 por
306 3543 389 3598 quos;
411 3528 456 3582 18:
475 3542 554 3596 rege3
575 3528 623 3582 21:
641 3526 672 3580 iu
689 3526 833 3596 Hispania.

311 3615 333 3687 ³)
353 3614 387 3671 oi,
406 3614 522 3670 Henzcu
545 3614 563 3671 1.
582 3614 601 3670 l.
624 3631 652 3684 p.
673 3615 705 3670 15
718 3629 760 3685 sq.
779 3613 940 3668 Wilmanns.
958 3613 977 3669 1.
996 3612 1015 3669 l.
1035 3611 1117 3670 Certe
1135 3611 1189 3668 tuit
1205 3611 1356 3683 proconsul

240 3705 305 3775 post
320 3703 358 3759 Id.
377 3703 495 3759 Iunium
513 3701 649 3773 Silanum,
677 3701 820 3757 consulem
839 3718 863 3758 a.
882 3704 927 3773 46,
954 3701 1149 3773 proconsulem
1167 3701 1253 3756 Asiae
1276 3716 1300 3755 a
1320 3700 1355 3755 54

239 3792 314 3861 (Tac.
335 3807 399 3846 ann.
420 3789 497 3860 XIII,
517 3790 553 3862 1).

311 3880 333 3950 4)
352 3878 371 3935 1.
390 3879 409 3934 l.
428 3895 456 3949 p.
477 3880 519 3948 16,
541 3877 616 3933 idom
634 3878 721 3932 sentit
737 3877 923 3952 WaddIngton
941 3878 960 3936 l.
978 3878 1007 3949 l.‚
1030 3894 1094 3933 cum
1107 3876 1295 3946 ,Borghesium
1313 3891 1357 3930 se·

241 3971 321 4025 cutus
340 3967 537 4022 Wilmannsius
556 3965 575 4025 l.
594 3967 613 4023 1.
632 3967 708 4022 tituli
725 3982 823 4021 versum
842 3968 920 4022 8-9
945 3967 981 4022 ad
999 3983 1104 4022 annum
1122 3968 1156 4021 56
1174 3964 1287 4035 referat,
1310 3964 1356 4019 oni

239 4059 334 4112 tamen
353 4054 478 4127 opinioni
497 4053 610 4110 obstant
628 4053 719 4110 Taciti
736 4054 834 4112 histor.
852 4054 907 4109 loci
924 4055 1038 4112 laudati.
