2984 4852
651 397 873 462 ..23-

207 610 368 667 nominatos
388 609 498 668 fuisset>
539 608 648 668 Contra
669 607 739 667 ferri
759 625 817 668 non
837 612 934 682 potest
952 610 1106 669 Brandesii
1127 610 1222 684 opinio
1244 610 1325 668 coni-

210 705 312 764 cientis
337 705 496 763 duodecimi
526 707 632 778 capitis
662 707 746 765 initio
770 706 804 764 P.
828 706 955 765 Cornelii
979 707 1153 780 Dolabellae,
1185 706 1326 766 05111111

208 802 309 873 Silani,
341 803 485 861 consulum
517 805 584 861 anni
616 805 663 874 10,
698 805 813 862 nomina
843 805 990 863 excidisse.
1032 806 1133 876 Neque
1165 805 1327 878 adstipulor

211 897 413 973 Abrahamo¹),
443 904 477 956 ut
496 900 711 959 multitudinem
736 917 832 958 rerum
857 905 1005 973 gestarum
1030 902 1106 974 apud
1125 902 1250 960 Dionem
1272 903 1325 961 sub

206 1013 279 1055 anno
302 998 318 1055 9
340 996 515 1054 traditarum
533 997 651 1069 minuat,
674 998 828 1056 conicienti
849 1013 910 1071 cap.
935 1001 1077 1069 llet19,
1101 1001 1116 1056 1
1140 999 1263 1058 describi
1277 1017 1326 1059 res

210 1094 418 1153 aGermanico
439 1111 465 1153 a.
488 1095 505 1152 8
531 1099 630 1167 gestas
657 1111 762 1168 easque
788 1101 838 1154 aut
863 1096 893 1153 in
912 1096 1017 1155 Dionis
1047 1099 1126 1156 fonte
1157 1097 1230 1155 falso
1261 1099 1326 1155 loco

212 1190 300 1250 fuisse
320 1196 371 1249 aut
392 1209 410 1250 0
429 1192 523 1250 Dione
544 1193 617 1251 falso
638 1189 701 1251 leco
721 1195 845 1252 insertas
865 1212 936 1252 esse.
977 1195 1063 1253 Hanc
1084 1196 1160 1252 enim
1180 1194 1326 1252 coniectu-

209 1306 272 1346 ram
293 1291 318 1348 si
331 1293 493 1362 probamus,
517 1290 704 1348 Germanicus
719 1307 754 1349 ea
767 1297 851 1364 parte
866 1292 934 1350 anni
949 1293 976 1360 9,
999 1307 1055 1363 qua
1068 1291 1202 1350 Tiberius
1216 1291 1326 1348 Romae

211 1389 392 1458 versabatur,
413 1387 483 1445 nihil
503 1387 618 1446 videtur
638 1389 767 1460 gessisse,
788 1388 818 1445 id
839 1389 914 1460 quod
938 1389 987 1447 vix
1012 1389 1150 1447 credibile
1171 1394 1224 1447 est.

288 1483 425 1556 Sequitur
475 1487 593 1544 maximi
640 1486 777 1557 ponderis
823 1488 903 1545 locus
950 1487 1079 1546 Suetonii
1131 1487 1208 1562 (Tib.
1264 1485 1327 1560 16):

218 1582 367 1650 ,nuntiata
406 1583 519 1657 lllyrici
568 1582 730 1642 defectione
774 1584 892 1642 transiit
939 1583 1099 1660 (Tiberius)
1145 1584 1184 1642 ad
1228 1600 1326 1641 curam

115 1707 118 1744 :
212 1680 278 1738 novi
298 1680 377 1751 belli,
410 1680 487 1752 quod
507 1681 632 1738 triennio
652 1683 769 1753 gessit.“
813 1681 894 1752 Quod
914 1683 1030 1752 beDum,
1053 1699 1117 1739 cum
1137 1684 1212 1740 teste
1233 1681 1328 1739 Dione

210 1774 287 1849 (LV,
310 1777 363 1852 29)
389 1795 415 1835 a.
439 1781 456 1834 6
478 1783 611 1836 exortum
631 1779 681 1848 sit,
713 1781 853 1837 evincitur
873 1779 951 1838 ultra
971 1796 1075 1837 annum
1097 1780 1114 1839 9
1137 1779 1251 1838 ductum
1272 1795 1331 1836 non

210 1892 281 1934 esse.
322 1874 407 1932 Unde
429 1876 567 1947 sequitur,
589 1881 622 1933 ut
643 1877 739 1934 clades
759 1876 903 1949 Variana,
925 1892 1011 1948 quam
1031 1857 1132 1935 eodem
1152 1881 1231 1935 certe
1252 1893 1328 1934 anno

211 1988 266 2044 quo
286 1972 437 2030 victoriam
459 1972 655 2032 Pannonicum
680 1974 790 2032 factam
811 1990 873 2033 esse
895 1979 1021 2045 constat,
1048 1992 1073 2032 a.
1097 1978 1115 2032 9
1137 1979 1258 2046 accepta
1279 1975 1328 2033 sit.

210 2069 334 2128 Frustra
346 2075 442 2128 autem
455 2066 656 2146 Scha'eferus')
677 2087 781 2130 annum
798 2073 835 2129 10
849 2071 925 2130 tueri
944 2072 1041 2130 studet
1061 2088 1142 2129 mera
1163 2071 1329 2128 coniectura

211 2184 318 2238 ponens
343 2184 450 2226 annum
476 2169 493 2225 9
522 2184 540 2225 a
564 2169 701 2227 Suetonio
727 2174 882 2243 propterea
906 2185 963 2227 non
989 2169 1145 2241 numerari,
1173 2169 1329 2240 quietum

212 2268 290 2322 teste
310 2264 406 2323 Dione
428 2264 520 2339 (LVI,
545 2267 569 2338 1,
595 2266 619 2322 l.
645 2268 771 2336 11-12,
789 2268 813 2334 1,
837 2266 874 2326 cf.
894 2266 969 2327 Vell.
986 2267 1024 2336 II,
1049 2268 1114 2336 115,
1137 2266 1166 2336 2)
1189 2265 1331 2323 exercitui

212 2377 338 2419 summus
358 2362 416 2420 dux
434 2361 594 2433 praefuerit
607 2363 806 2432 Germanicus,
828 2381 886 2422 non
899 2365 1042 2431 Tiberius,
1064 2381 1146 2436 quem
1167 2363 1331 2434 insequenti

212 2459 325 2517 demum
350 2476 425 2518 anno
450 2461 528 2518 bello
550 2460 716 2519 defunctum
747 2479 809 2520 esse
830 2461 1020 2520 Brundesium
1045 2467 1160 2520 secutus
1185 2461 1329 2532 opinatur.

214 2557 289 2617 Nam
304 2573 366 2614 cum
381 2557 520 2629 proximis
532 2558 630 2617 verbis
643 2559 735 2616 hisae:
760 2563 807 2628 ,et
820 2574 992 2631 quamquam
1006 2560 1119 2632 saepius
1134 2562 1329 2628 revocaretur,

213 2663 310 2714 tamen
331 2655 545 2728 perseveravit“
573 2653 723 2714 Schaeferi
744 2657 839 2728 opinio
861 2656 939 2714 cadit
958 2661 1020 2713 tum
1040 2657 1163 2714 manime
1184 2669 1232 2722 οο,
1254 2653 1331 2725 quod

216 2752 378 2819 Suetonius,
399 2753 425 2811 si
439 2769 544 2811 annum
558 2754 575 2812 9
591 2753 725 2812 omittere
738 2755 887 2826 voluisset,
910 2771 1016 2811 annum
1031 2755 1047 2811 7
1063 2769 1185 2838 quoque.
1197 2751 1332 2809 omittere

217 2849 325 2922 debuit,
349 2867 403 2923 quo
425 2856 456 2908 et
468 2851 532 2923 ipso
554 2850 643 2909 solum
658 2850 863 2910 Germanicum
882 2851 989 2908 bellum
1008 2849 1133 2922 gessisse
1154 2853 1184 2906 et
1205 2847 1333 2905 eDione

217 2947 293 3024 (LV,
317 2947 369 3023 31)
390 2953 420 3006 et
434 2965 450 3006 c
466 2948 576 3007 Velleio
598 2947 652 3023 (H,
676 2950 742 3007 114.
766 2948 837 3022 115)
858 2947 1000 3026 duplicem
1013 2946 1128 3019 imperii
1141 2945 1332 3003 mutationem

215 3045 329 3106 silentio
350 3049 553 3120 praetereunte
574 3051 705 3119 apparet,
726 3050 760 3102 ut
780 3045 888 3118 optime
910 3039 1111 3119 Schraderus³)
1132 3044 1260 3101 adnotat.

292 3147 353 3203 Iam
375 3145 511 3203 addamus
533 3148 649 3216 oportet
669 3159 766 3202 rerum
786 3143 924 3216 ordinem,
948 3143 1061 3215 qualem
1080 3142 1210 3209 Velleius
1228 3139 1333 3198 Pater-

218 3242 299 3300 culus
329 3245 459 3315 praebet,
510 3243 610 3302 Verba
640 3243 743 3301 haece:
775 3242 817 3314 H,
843 3244 909 3308 110,
933 3243 963 3298 1:
999 3245 1244 3313 „praeparaverat
1274 3237 1334 3294 iam

215 3340 338 3398 hiberna
359 3338 468 3398 Caesar
488 3340 526 3398 ad
546 3340 726 3411 Danubium,
759 3356 824 3398 cum
845 3338 981 3398 universa
1000 3337 1155 3408 Pannonia,
1186 3335 1336 3394 Delmatia

217 3455 297 3496 arma
314 3439 489 3511 ‘corripuit‘
523 3437 560 3495 ad
580 3454 686 3496 annum
707 3437 734 3509 6,
767 3441 800 3494 ut
819 3436 922 3495 Dionis
942 3436 1023 3494 locus
1055 3433 1132 3509 (LV,
1155 3434 1207 3508 29)
1240 3432 1333 3500 docet,

217 3537 365 3610 pertinent
384 3537 516 3608 idemque
536 3535 567 3593 in
587 3551 635 3608 ea,
663 3550 736 3606 quae
756 3535 792 3594 de
817 3534 926 3592 uirtute
946 3527 1132 3607 Messalini>
1162 3530 1334 3603 necopinato

287 3762 308 3830 ¹)
328 3762 384 3817 Zur
402 3759 503 3818 (leuch.
531 3759 582 3814 der
608 3771 731 3828 pannon.
759 3773 786 3811 u.
814 3769 937 3823 german.
955 3750 1058 3821 Kriege
1086 3752 1168 3806 unter
1189 3749 1334 3818 Augustus

216 3851 325 3919 (Progr.
345 3846 625 3921 Sophienrcalschule
642 3845 716 3901 Berl.
738 3844 817 3912 1815)
836 3859 864 3913 p.
885 3843 926 3898 13.

287 3940 309 4009 ²)
328 3940 347 3995 l.
366 3939 384 3996 l.
403 3956 429 4008 p.
450 3939 510 3994 248.
838 3951 841 3958 ⁴

289 4029 310 4099 ³)
331 4028 428 4083 Jahrb.
450 4028 517 4081 1876
536 4041 563 4095 p.
582 4025 643 4080 546.

289 4117 312 4187 ⁴)
332 4117 367 4172 de
386 4115 440 4171 hoc
458 4113 521 4169 vide
539 4111 612 4167 infra
630 4112 703 4181 part.
722 4109 759 4180 ll,
778 4125 800 4168 c.
819 4108 866 4178 I§
889 4111 931 4178 10,
952 4111 974 4163 1.
1039 4152 1041 4158 ,

1393 3699 1400 3737 i
