<?xml version="1.0" encoding="UTF-8"?>
<!DOCTYPE html PUBLIC "-//W3C//DTD XHTML 1.0 Transitional//EN"
    "http://www.w3.org/TR/xhtml1/DTD/xhtml1-transitional.dtd">
<html xmlns="http://www.w3.org/1999/xhtml" xml:lang="en" lang="en">
 <head>
  <title>
</title>
<meta http-equiv="Content-Type" content="text/html;charset=utf-8" />
  <meta name='ocr-system' content='tesseract 3.04.00' />
  <meta name='ocr-capabilities' content='ocr_page ocr_carea ocr_par ocr_line ocrx_word'/>
</head>
<body>
  <div class='ocr_page' id='page_1' title='image "./deornamentistri00peingoog_0010.png"; bbox 0 0 2984 4852; ppageno 0'>
   <div class='ocr_carea' id='block_1_1' title="bbox 142 1292 1264 2400">
    <p class='ocr_par' dir='ltr' id='par_1_1' title="bbox 142 1292 1264 2400">
     <span class='ocr_line' id='line_1_1' title="bbox 148 1292 1262 1433; baseline 0.008 -20"><span class='ocrx_word' id='word_1_1' title='bbox 148 1292 189 1413; x_wconf 76' lang='lat' dir='ltr'><strong>In</strong></span> <span class='ocrx_word' id='word_1_2' title='bbox 219 1357 369 1416; x_wconf 82' lang='lat' dir='ltr'><strong>historiam</strong></span> <span class='ocrx_word' id='word_1_3' title='bbox 399 1357 610 1428; x_wconf 87' lang='lat' dir='ltr'><strong>triumphorum</strong></span> <span class='ocrx_word' id='word_1_4' title='bbox 640 1358 859 1429; x_wconf 80' lang='lat' dir='ltr'><strong>orationumque</strong></span> <span class='ocrx_word' id='word_1_5' title='bbox 890 1359 957 1418; x_wconf 87' lang='lat' dir='ltr'><strong>inde</strong></span> <span class='ocrx_word' id='word_1_6' title='bbox 988 1359 1025 1417; x_wconf 91' lang='lat' dir='ltr'><strong>ab</strong></span> <span class='ocrx_word' id='word_1_7' title='bbox 1057 1362 1262 1433; x_wconf 80' lang='lat' dir='ltr'><strong>antiquissimis</strong></span> 
     </span>
     <span class='ocr_line' id='line_1_2' title="bbox 145 1453 1264 1525; baseline 0.007 -16"><span class='ocrx_word' id='word_1_8' title='bbox 145 1454 322 1524; x_wconf 83' lang='lat' dir='ltr'><strong>temporibus</strong></span> <span class='ocrx_word' id='word_1_9' title='bbox 353 1453 390 1510; x_wconf 89' lang='lat' dir='ltr'><strong>ad</strong></span> <span class='ocrx_word' id='word_1_10' title='bbox 420 1453 626 1524; x_wconf 88' lang='lat' dir='ltr'><strong>imperatorum</strong></span> <span class='ocrx_word' id='word_1_11' title='bbox 656 1469 745 1525; x_wconf 88' lang='lat' dir='ltr'><strong>nsque</strong></span> <span class='ocrx_word' id='word_1_12' title='bbox 780 1460 906 1512; x_wconf 87' lang='lat' dir='ltr'><strong>aetatem</strong></span> <span class='ocrx_word' id='word_1_13' title='bbox 943 1457 1053 1514; x_wconf 86' lang='lat' dir='ltr'><strong>Romae</strong></span> <span class='ocrx_word' id='word_1_14' title='bbox 1080 1462 1212 1516; x_wconf 88' lang='lat' dir='ltr'><strong>actarum</strong></span> <span class='ocrx_word' id='word_1_15' title='bbox 1238 1461 1264 1518; x_wconf 87' lang='lat' dir='ltr'><strong>si</strong></span> 
     </span>
     <span class='ocr_line' id='line_1_3' title="bbox 147 1549 1263 1624; baseline 0.006 -18"><span class='ocrx_word' id='word_1_16' title='bbox 147 1550 209 1618; x_wconf 92' lang='lat' dir='ltr'><strong>quis</strong></span> <span class='ocrx_word' id='word_1_17' title='bbox 230 1551 327 1621; x_wconf 91' lang='lat' dir='ltr'><strong>paullo</strong></span> <span class='ocrx_word' id='word_1_18' title='bbox 354 1549 517 1607; x_wconf 78' lang='lat' dir='ltr'><strong>accuratius</strong></span> <span class='ocrx_word' id='word_1_19' title='bbox 542 1551 735 1622; x_wconf 80' lang='lat' dir='ltr'><strong>inquisiverit,</strong></span> <span class='ocrx_word' id='word_1_20' title='bbox 760 1552 835 1609; x_wconf 92' lang='lat' dir='ltr'><strong>huuc</strong></span> <span class='ocrx_word' id='word_1_21' title='bbox 857 1567 959 1624; x_wconf 56' lang='lat' dir='ltr'><strong>Quum</strong></span> <span class='ocrx_word' id='word_1_22' title='bbox 981 1554 1111 1623; x_wconf 88' lang='lat' dir='ltr'><strong>quamvis</strong></span> <span class='ocrx_word' id='word_1_23' title='bbox 1136 1570 1192 1612; x_wconf 92' lang='lat' dir='ltr'><strong>non</strong></span> <span class='ocrx_word' id='word_1_24' title='bbox 1220 1557 1263 1613; x_wconf 93' lang='lat' dir='ltr'><strong>iu-</strong></span> 
     </span>
     <span class='ocr_line' id='line_1_4' title="bbox 146 1646 1263 1723; baseline 0.006 -20"><span class='ocrx_word' id='word_1_25' title='bbox 146 1647 254 1704; x_wconf 88' lang='lat' dir='ltr'><strong>cultum</strong></span> <span class='ocrx_word' id='word_1_26' title='bbox 274 1646 469 1718; x_wconf 81' lang='lat' dir='ltr'><strong>diligentioris</strong></span> <span class='ocrx_word' id='word_1_27' title='bbox 495 1652 593 1706; x_wconf 90' lang='lat' dir='ltr'><strong>tamen</strong></span> <span class='ocrx_word' id='word_1_28' title='bbox 619 1664 706 1706; x_wconf 89' lang='lat' dir='ltr'><strong>curae</strong></span> <span class='ocrx_word' id='word_1_29' title='bbox 731 1665 818 1721; x_wconf 85' lang='lat' dir='ltr'><strong>egere</strong></span> <span class='ocrx_word' id='word_1_30' title='bbox 847 1649 1017 1721; x_wconf 83' lang='lat' dir='ltr'><strong>perspiciet.</strong></span> <span class='ocrx_word' id='word_1_31' title='bbox 1054 1650 1185 1723; x_wconf 87' lang='lat' dir='ltr'><strong>Namque</strong></span> <span class='ocrx_word' id='word_1_32' title='bbox 1205 1669 1263 1710; x_wconf 92' lang='lat' dir='ltr'><strong>non</strong></span> 
     </span>
     <span class='ocr_line' id='line_1_5' title="bbox 145 1743 1263 1818; baseline 0.005 -17"><span class='ocrx_word' id='word_1_33' title='bbox 145 1743 252 1814; x_wconf 83' lang='lat' dir='ltr'><strong>pauoi¹l</strong></span> <span class='ocrx_word' id='word_1_34' title='bbox 275 1745 345 1803; x_wconf 90' lang='lat' dir='ltr'><strong>licat</strong></span> <span class='ocrx_word' id='word_1_35' title='bbox 364 1745 432 1803; x_wconf 89' lang='lat' dir='ltr'><strong>huic</strong></span> <span class='ocrx_word' id='word_1_36' title='bbox 451 1745 545 1803; x_wconf 85' lang='lat' dir='ltr'><strong>adhuc</strong></span> <span class='ocrx_word' id='word_1_37' title='bbox 565 1745 725 1816; x_wconf 88' lang='lat' dir='ltr'><strong>quaestioni</strong></span> <span class='ocrx_word' id='word_1_38' title='bbox 745 1763 863 1818; x_wconf 87' lang='lat' dir='ltr'><strong>oporam</strong></span> <span class='ocrx_word' id='word_1_39' title='bbox 884 1746 1033 1816; x_wconf 82' lang='lat' dir='ltr'><strong>neverint,</strong></span> <span class='ocrx_word' id='word_1_40' title='bbox 1056 1751 1119 1805; x_wconf 91' lang='lat' dir='ltr'><strong>tota</strong></span> <span class='ocrx_word' id='word_1_41' title='bbox 1139 1750 1263 1807; x_wconf 88' lang='lat' dir='ltr'><strong>materia</strong></span> 
     </span>
     <span class='ocr_line' id='line_1_6' title="bbox 143 1842 1261 1915; baseline 0.008 -18"><span class='ocrx_word' id='word_1_42' title='bbox 143 1845 258 1898; x_wconf 86' lang='lat' dir='ltr'><strong>tantum</strong></span> <span class='ocrx_word' id='word_1_43' title='bbox 283 1843 379 1909; x_wconf 83' lang='lat' dir='ltr'><strong>abest,</strong></span> <span class='ocrx_word' id='word_1_44' title='bbox 411 1847 444 1900; x_wconf 92' lang='lat' dir='ltr'><strong>ut</strong></span> <span class='ocrx_word' id='word_1_45' title='bbox 468 1846 651 1914; x_wconf 85' lang='lat' dir='ltr'><strong>pertractata</strong></span> <span class='ocrx_word' id='word_1_46' title='bbox 683 1842 734 1912; x_wconf 90' lang='lat' dir='ltr'><strong>sit,</strong></span> <span class='ocrx_word' id='word_1_47' title='bbox 765 1848 799 1900; x_wconf 90' lang='lat' dir='ltr'><strong>ut</strong></span> <span class='ocrx_word' id='word_1_48' title='bbox 824 1859 861 1902; x_wconf 90' lang='lat' dir='ltr'><strong>ne</strong></span> <span class='ocrx_word' id='word_1_49' title='bbox 892 1849 1029 1915; x_wconf 83' lang='lat' dir='ltr'><strong>congesta</strong></span> <span class='ocrx_word' id='word_1_50' title='bbox 1060 1845 1174 1915; x_wconf 88' lang='lat' dir='ltr'><strong>quidem</strong></span> <span class='ocrx_word' id='word_1_51' title='bbox 1200 1863 1261 1906; x_wconf 89' lang='lat' dir='ltr'><strong>esse</strong></span> 
     </span>
     <span class='ocr_line' id='line_1_7' title="bbox 142 1937 1261 2016; baseline 0.004 -20"><span class='ocrx_word' id='word_1_52' title='bbox 142 1937 282 1996; x_wconf 88' lang='lat' dir='ltr'><strong>videatur.</strong></span> <span class='ocrx_word' id='word_1_53' title='bbox 324 1937 388 2010; x_wconf 77' lang='lat' dir='ltr'><strong>Quo</strong></span> <span class='ocrx_word' id='word_1_54' title='bbox 409 1954 526 1997; x_wconf 89' lang='lat' dir='ltr'><strong>munere</strong></span> <span class='ocrx_word' id='word_1_55' title='bbox 551 1954 603 2010; x_wconf 90' lang='lat' dir='ltr'><strong>pro</strong></span> <span class='ocrx_word' id='word_1_56' title='bbox 624 1939 695 1996; x_wconf 89' lang='lat' dir='ltr'><strong>mois</strong></span> <span class='ocrx_word' id='word_1_57' title='bbox 722 1938 830 1997; x_wconf 89' lang='lat' dir='ltr'><strong>viribus</strong></span> <span class='ocrx_word' id='word_1_58' title='bbox 854 1939 1006 1998; x_wconf 84' lang='lat' dir='ltr'><strong>functurus</strong></span> <span class='ocrx_word' id='word_1_59' title='bbox 1032 1957 1096 1998; x_wconf 91' lang='lat' dir='ltr'><strong>cum</strong></span> <span class='ocrx_word' id='word_1_60' title='bbox 1120 1943 1261 2016; x_wconf 84' lang='lat' dir='ltr'><strong>imprimis</strong></span> 
     </span>
     <span class='ocr_line' id='line_1_8' title="bbox 144 2034 1261 2116; baseline 0.007 -25"><span class='ocrx_word' id='word_1_61' title='bbox 144 2034 179 2092; x_wconf 85' lang='lat' dir='ltr'><strong>de</strong></span> <span class='ocrx_word' id='word_1_62' title='bbox 216 2035 393 2116; x_wconf 89' lang='lat' dir='ltr'><strong>ornamentis</strong></span> <span class='ocrx_word' id='word_1_63' title='bbox 433 2035 654 2106; x_wconf 86' lang='lat' dir='ltr'><strong>triumphalibus</strong></span> <span class='ocrx_word' id='word_1_64' title='bbox 690 2051 754 2092; x_wconf 90' lang='lat' dir='ltr'><strong>oum</strong></span> <span class='ocrx_word' id='word_1_65' title='bbox 794 2037 916 2093; x_wconf 88' lang='lat' dir='ltr'><strong>historia</strong></span> <span class='ocrx_word' id='word_1_66' title='bbox 954 2037 1164 2110; x_wconf 91' lang='lat' dir='ltr'><strong>triumphorum</strong></span> <span class='ocrx_word' id='word_1_67' title='bbox 1199 2048 1261 2099; x_wconf 90' lang='lat' dir='ltr'><strong>arta</strong></span> 
     </span>
     <span class='ocr_line' id='line_1_9' title="bbox 144 2131 1261 2208; baseline 0.007 -21"><span class='ocrx_word' id='word_1_68' title='bbox 144 2131 303 2188; x_wconf 90' lang='lat' dir='ltr'><strong>coniunctis</strong></span> <span class='ocrx_word' id='word_1_69' title='bbox 328 2147 386 2188; x_wconf 92' lang='lat' dir='ltr'><strong>non</strong></span> <span class='ocrx_word' id='word_1_70' title='bbox 411 2132 472 2190; x_wconf 88' lang='lat' dir='ltr'><strong>sinc</strong></span> <span class='ocrx_word' id='word_1_71' title='bbox 497 2131 595 2189; x_wconf 85' lang='lat' dir='ltr'><strong>fructu</strong></span> <span class='ocrx_word' id='word_1_72' title='bbox 621 2131 796 2203; x_wconf 90' lang='lat' dir='ltr'><strong>disputatum</strong></span> <span class='ocrx_word' id='word_1_73' title='bbox 816 2132 854 2189; x_wconf 90' lang='lat' dir='ltr'><strong>iri</strong></span> <span class='ocrx_word' id='word_1_74' title='bbox 879 2132 909 2189; x_wconf 92' lang='lat' dir='ltr'><strong>in</strong></span> <span class='ocrx_word' id='word_1_75' title='bbox 934 2133 996 2190; x_wconf 85' lang='lat' dir='ltr'><strong>dics</strong></span> <span class='ocrx_word' id='word_1_76' title='bbox 1022 2131 1128 2194; x_wconf 86' lang='lat' dir='ltr'><strong>certius</strong></span> <span class='ocrx_word' id='word_1_77' title='bbox 1154 2153 1261 2208; x_wconf 82' lang='lat' dir='ltr'><strong>cogno·</strong></span> 
     </span>
     <span class='ocr_line' id='line_1_10' title="bbox 144 2228 1260 2304; baseline 0.008 -21"><span class='ocrx_word' id='word_1_78' title='bbox 144 2243 267 2297; x_wconf 81' lang='lat' dir='ltr'><strong>scetem,</strong></span> <span class='ocrx_word' id='word_1_79' title='bbox 298 2228 354 2284; x_wconf 92' lang='lat' dir='ltr'><strong>hac</strong></span> <span class='ocrx_word' id='word_1_80' title='bbox 380 2229 493 2300; x_wconf 87' lang='lat' dir='ltr'><strong>quidem</strong></span> <span class='ocrx_word' id='word_1_81' title='bbox 514 2230 753 2296; x_wconf 85' lang='lat' dir='ltr'><strong>commentatione</strong></span> <span class='ocrx_word' id='word_1_82' title='bbox 778 2229 813 2287; x_wconf 87' lang='lat' dir='ltr'><strong>do</strong></span> <span class='ocrx_word' id='word_1_83' title='bbox 838 2230 1013 2288; x_wconf 87' lang='lat' dir='ltr'><strong>ornamentis</strong></span> <span class='ocrx_word' id='word_1_84' title='bbox 1040 2231 1260 2304; x_wconf 83' lang='lat' dir='ltr'><strong>triumphalibus</strong></span> 
     </span>
     <span class='ocr_line' id='line_1_11' title="bbox 143 2315 1024 2400; baseline 0.005 -19"><span class='ocrx_word' id='word_1_85' title='bbox 143 2341 287 2396; x_wconf 85' lang='lat' dir='ltr'><strong>exponere</strong></span> <span class='ocrx_word' id='word_1_86' title='bbox 307 2326 379 2384; x_wconf 85' lang='lat' dir='ltr'><strong>satis</strong></span> <span class='ocrx_word' id='word_1_87' title='bbox 399 2327 487 2384; x_wconf 88' lang='lat' dir='ltr'><strong>habai</strong></span> <span class='ocrx_word' id='word_1_88' title='bbox 507 2327 658 2398; x_wconf 90' lang='lat' dir='ltr'><strong>triumphis</strong></span> <span class='ocrx_word' id='word_1_89' title='bbox 678 2325 710 2384; x_wconf 90' lang='lat' dir='ltr'><strong>in</strong></span> <span class='ocrx_word' id='word_1_90' title='bbox 729 2315 882 2400; x_wconf 91' lang='lat' dir='ltr'><strong>posterum</strong></span> <span class='ocrx_word' id='word_1_91' title='bbox 898 2327 1024 2385; x_wconf 89' lang='lat' dir='ltr'><strong>reiectis.</strong></span> 
     </span>
    </p>
   </div>
   <div class='ocr_carea' id='block_1_2' title="bbox 214 2508 1260 2580">
    <p class='ocr_par' dir='ltr' id='par_1_2' title="bbox 214 2508 1260 2580">
     <span class='ocr_line' id='line_1_12' title="bbox 214 2508 1260 2580; baseline 0.005 -15"><span class='ocrx_word' id='word_1_92' title='bbox 214 2509 235 2577; x_wconf 88' lang='lat'><strong>¹)</strong></span> <span class='ocrx_word' id='word_1_93' title='bbox 267 2508 506 2566; x_wconf 84' lang='lat' dir='ltr'><strong>Schieferdeeker:</strong></span> <span class='ocrx_word' id='word_1_94' title='bbox 542 2509 576 2565; x_wconf 88' lang='lat' dir='ltr'><strong>de</strong></span> <span class='ocrx_word' id='word_1_95' title='bbox 612 2510 760 2580; x_wconf 83' lang='lat' dir='ltr'><strong>triumphis</strong></span> <span class='ocrx_word' id='word_1_96' title='bbox 798 2512 827 2566; x_wconf 91' lang='lat' dir='ltr'><strong>et</strong></span> <span class='ocrx_word' id='word_1_97' title='bbox 862 2511 1039 2567; x_wconf 91' lang='lat' dir='ltr'><strong>ovationibus</strong></span> <span class='ocrx_word' id='word_1_98' title='bbox 1070 2511 1260 2570; x_wconf 87' lang='lat' dir='ltr'><strong>Romanorum</strong></span> 
     </span>
    </p>
   </div>
   <div class='ocr_carea' id='block_1_3' title="bbox 64 2596 1259 2669">
    <p class='ocr_par' dir='ltr' id='par_1_3' title="bbox 64 2596 1259 2669">
     <span class='ocr_line' id='line_1_13' title="bbox 64 2596 1259 2669; baseline 0.007 -20"><span class='ocrx_word' id='word_1_99' title='bbox 64 2625 66 2630; x_wconf 88' lang='lat'><em>·</em></span> <span class='ocrx_word' id='word_1_100' title='bbox 143 2596 1259 2669; x_wconf 62' lang='grc'>(11111695)111661111111611161111111111111111161116111116(8111661111.</span> 
     </span>
    </p>
   </div>
   <div class='ocr_carea' id='block_1_4' title="bbox 135 2685 1331 4174">
    <p class='ocr_par' dir='ltr' id='par_1_4' title="bbox 135 2685 1331 4174">
     <span class='ocr_line' id='line_1_14' title="bbox 144 2685 1259 2756; baseline 0.007 -17"><span class='ocrx_word' id='word_1_101' title='bbox 144 2687 231 2744; x_wconf 85' lang='grc'>1696).</span> <span class='ocrx_word' id='word_1_102' title='bbox 272 2685 434 2741; x_wconf 88' lang='lat' dir='ltr'><strong>Panvinius:</strong></span> <span class='ocrx_word' id='word_1_103' title='bbox 463 2686 497 2742; x_wconf 88' lang='lat' dir='ltr'><strong>de</strong></span> <span class='ocrx_word' id='word_1_104' title='bbox 515 2687 663 2756; x_wconf 87' lang='lat' dir='ltr'><strong>triumphis</strong></span> <span class='ocrx_word' id='word_1_105' title='bbox 691 2687 904 2742; x_wconf 84' lang='lat' dir='ltr'><strong>commentarius</strong></span> <span class='ocrx_word' id='word_1_106' title='bbox 929 2687 959 2741; x_wconf 89' lang='lat' dir='ltr'><strong>in</strong></span> <span class='ocrx_word' id='word_1_107' title='bbox 983 2686 1083 2744; x_wconf 84' lang='lat' dir='ltr'><strong>Graev.</strong></span> <span class='ocrx_word' id='word_1_108' title='bbox 1107 2689 1178 2746; x_wconf 89' lang='lat' dir='ltr'><strong>thes.</strong></span> <span class='ocrx_word' id='word_1_109' title='bbox 1203 2694 1259 2748; x_wconf 88' lang='lat' dir='ltr'><strong>ant.</strong></span> 
     </span>
     <span class='ocr_line' id='line_1_15' title="bbox 140 2773 1258 2847; baseline 0.005 -19"><span class='ocrx_word' id='word_1_110' title='bbox 140 2773 219 2830; x_wconf 89' lang='lat' dir='ltr'><strong>Rom.</strong></span> <span class='ocrx_word' id='word_1_111' title='bbox 232 2773 271 2830; x_wconf 89' lang='lat' dir='ltr'><strong>IX</strong></span> <span class='ocrx_word' id='word_1_112' title='bbox 284 2775 384 2845; x_wconf 83' lang='lat' dir='ltr'><strong>(Lugd.</strong></span> <span class='ocrx_word' id='word_1_113' title='bbox 396 2775 458 2832; x_wconf 90' lang='lat' dir='ltr'><strong>Bat.</strong></span> <span class='ocrx_word' id='word_1_114' title='bbox 473 2775 562 2847; x_wconf 88' lang='grc'>1698).</span> <span class='ocrx_word' id='word_1_115' title='bbox 599 2774 720 2831; x_wconf 85' lang='lat' dir='ltr'><strong>Modius:</strong></span> <span class='ocrx_word' id='word_1_116' title='bbox 740 2775 774 2831; x_wconf 89' lang='lat' dir='ltr'><strong>da</strong></span> <span class='ocrx_word' id='word_1_117' title='bbox 785 2776 946 2846; x_wconf 86' lang='lat' dir='ltr'><strong>triumphis,</strong></span> <span class='ocrx_word' id='word_1_118' title='bbox 965 2776 1038 2831; x_wconf 89' lang='lat' dir='ltr'><strong>ludis</strong></span> <span class='ocrx_word' id='word_1_119' title='bbox 1052 2779 1081 2832; x_wconf 93' lang='lat' dir='ltr'><strong>et</strong></span> <span class='ocrx_word' id='word_1_120' title='bbox 1092 2779 1258 2847; x_wconf 85' lang='lat' dir='ltr'><strong>spectaculis</strong></span> 
     </span>
     <span class='ocr_line' id='line_1_16' title="bbox 140 2863 1259 2935; baseline 0.005 -19"><span class='ocrx_word' id='word_1_121' title='bbox 140 2864 267 2917; x_wconf 90' lang='lat' dir='ltr'><strong>veterum</strong></span> <span class='ocrx_word' id='word_1_122' title='bbox 284 2863 315 2918; x_wconf 90' lang='lat' dir='ltr'><strong>in</strong></span> <span class='ocrx_word' id='word_1_123' title='bbox 327 2863 446 2920; x_wconf 88' lang='lat' dir='ltr'><strong>Gronov.</strong></span> <span class='ocrx_word' id='word_1_124' title='bbox 459 2864 530 2921; x_wconf 90' lang='lat' dir='ltr'><strong>thes.</strong></span> <span class='ocrx_word' id='word_1_125' title='bbox 549 2866 606 2920; x_wconf 91' lang='lat' dir='ltr'><strong>ant.</strong></span> <span class='ocrx_word' id='word_1_126' title='bbox 619 2863 716 2921; x_wconf 83' lang='lat' dir='ltr'><strong>Graec.</strong></span> <span class='ocrx_word' id='word_1_127' title='bbox 735 2863 774 2919; x_wconf 87' lang='lat' dir='ltr'><strong>XI</strong></span> <span class='ocrx_word' id='word_1_128' title='bbox 787 2863 887 2933; x_wconf 76' lang='lat' dir='ltr'><strong>(lugd.</strong></span> <span class='ocrx_word' id='word_1_129' title='bbox 901 2864 961 2920; x_wconf 91' lang='lat' dir='ltr'><strong>Bat.</strong></span> <span class='ocrx_word' id='word_1_130' title='bbox 977 2867 1067 2934; x_wconf 93' lang='grc'>1701).</span> <span class='ocrx_word' id='word_1_131' title='bbox 1103 2865 1259 2935; x_wconf 86' lang='lat' dir='ltr'><strong>Bulenger:</strong></span> 
     </span>
     <span class='ocr_line' id='line_1_17' title="bbox 139 2951 1258 3024; baseline 0.004 -19"><span class='ocrx_word' id='word_1_132' title='bbox 139 2953 251 3012; x_wconf 87' lang='lat' dir='ltr'><strong>ibidem.</strong></span> <span class='ocrx_word' id='word_1_133' title='bbox 288 2954 417 3024; x_wconf 85' lang='lat' dir='ltr'><strong>Ruperti:</strong></span> <span class='ocrx_word' id='word_1_134' title='bbox 430 2954 465 3008; x_wconf 88' lang='lat' dir='ltr'><strong>de</strong></span> <span class='ocrx_word' id='word_1_135' title='bbox 476 2954 555 3009; x_wconf 90' lang='lat' dir='ltr'><strong>Rom.</strong></span> <span class='ocrx_word' id='word_1_136' title='bbox 568 2953 716 3023; x_wconf 89' lang='lat' dir='ltr'><strong>triumphis</strong></span> <span class='ocrx_word' id='word_1_137' title='bbox 730 2953 760 3020; x_wconf 91' lang='lat' dir='ltr'><strong>(J</strong></span> <span class='ocrx_word' id='word_1_138' title='bbox 762 2968 830 3007; x_wconf 89' lang='lat' dir='ltr'><strong>enae</strong></span> <span class='ocrx_word' id='word_1_139' title='bbox 844 2954 937 3020; x_wconf 79' lang='lat'><strong>1702).</strong></span> <span class='ocrx_word' id='word_1_140' title='bbox 970 2951 1063 3006; x_wconf 85' lang='lat' dir='ltr'><strong>Elert:</strong></span> <span class='ocrx_word' id='word_1_141' title='bbox 1083 2951 1117 3007; x_wconf 88' lang='lat' dir='ltr'><strong>de</strong></span> <span class='ocrx_word' id='word_1_142' title='bbox 1130 2955 1258 3010; x_wconf 84' lang='lat' dir='ltr'><strong>ovatione</strong></span> 
     </span>
     <span class='ocr_line' id='line_1_18' title="bbox 141 3039 1258 3112; baseline 0.004 -18"><span class='ocrx_word' id='word_1_143' title='bbox 141 3039 271 3110; x_wconf 84' lang='lat' dir='ltr'><strong>(Heiniae</strong></span> <span class='ocrx_word' id='word_1_144' title='bbox 292 3044 379 3111; x_wconf 89' lang='grc'>1770),</span> <span class='ocrx_word' id='word_1_145' title='bbox 404 3071 438 3080; x_wconf 95' lang='grc'>-</span> <span class='ocrx_word' id='word_1_146' title='bbox 457 3041 667 3096; x_wconf 89' lang='lat' dir='ltr'><strong>Recentioribus</strong></span> <span class='ocrx_word' id='word_1_147' title='bbox 686 3043 780 3095; x_wconf 88' lang='lat' dir='ltr'><strong>autem</strong></span> <span class='ocrx_word' id='word_1_148' title='bbox 803 3039 975 3109; x_wconf 84' lang='lat' dir='ltr'><strong>temporibus</strong></span> <span class='ocrx_word' id='word_1_149' title='bbox 995 3041 1108 3109; x_wconf 88' lang='lat' dir='ltr'><strong>praeter</strong></span> <span class='ocrx_word' id='word_1_150' title='bbox 1126 3057 1168 3110; x_wconf 91' lang='lat' dir='ltr'><strong>ea,</strong></span> <span class='ocrx_word' id='word_1_151' title='bbox 1186 3058 1258 3112; x_wconf 90' lang='lat' dir='ltr'><strong>quae</strong></span> 
     </span>
     <span class='ocr_line' id='line_1_19' title="bbox 138 3126 1331 3203; baseline 0 -16"><span class='ocrx_word' id='word_1_152' title='bbox 138 3133 214 3203; x_wconf 89' lang='lat' dir='ltr'><strong>apud</strong></span> <span class='ocrx_word' id='word_1_153' title='bbox 232 3132 381 3200; x_wconf 85' lang='lat' dir='ltr'><strong>Langium:</strong></span> <span class='ocrx_word' id='word_1_154' title='bbox 399 3138 469 3187; x_wconf 77' lang='lat' dir='ltr'><strong>rom.</strong></span> <span class='ocrx_word' id='word_1_155' title='bbox 482 3130 624 3186; x_wconf 84' lang='lat' dir='ltr'><strong>Staatsalt.</strong></span> <span class='ocrx_word' id='word_1_156' title='bbox 643 3127 738 3183; x_wconf 89' lang='lat' dir='ltr'><strong>multis</strong></span> <span class='ocrx_word' id='word_1_157' title='bbox 758 3128 836 3196; x_wconf 90' lang='lat' dir='ltr'><strong>locis,</strong></span> <span class='ocrx_word' id='word_1_158' title='bbox 856 3126 1256 3198; x_wconf 83' lang='lat' dir='ltr'><strong>Bccharum-llarquardtium:</strong></span> <span class='ocrx_word' id='word_1_159' title='bbox 1328 3139 1331 3143; x_wconf 88' lang='grc'><strong>’</strong></span> 
     </span>
     <span class='ocr_line' id='line_1_20' title="bbox 140 3215 1258 3288; baseline 0.001 -13"><span class='ocrx_word' id='word_1_160' title='bbox 140 3220 249 3278; x_wconf 87' lang='lat' dir='ltr'><strong>Handb.</strong></span> <span class='ocrx_word' id='word_1_161' title='bbox 262 3220 313 3274; x_wconf 88' lang='lat' dir='ltr'><strong>der</strong></span> <span class='ocrx_word' id='word_1_162' title='bbox 325 3226 394 3274; x_wconf 80' lang='lat' dir='ltr'><strong>rbm.</strong></span> <span class='ocrx_word' id='word_1_163' title='bbox 407 3218 466 3273; x_wconf 86' lang='lat' dir='ltr'><strong>Alt.</strong></span> <span class='ocrx_word' id='word_1_164' title='bbox 478 3217 530 3288; x_wconf 88' lang='lat' dir='ltr'>III,</span> <span class='ocrx_word' id='word_1_165' title='bbox 550 3219 565 3272; x_wconf 79' lang='lat'><strong>2</strong></span> <span class='ocrx_word' id='word_1_166' title='bbox 583 3215 708 3287; x_wconf 82' lang='lat' dir='ltr'><strong>(Leipzig</strong></span> <span class='ocrx_word' id='word_1_167' title='bbox 721 3217 800 3286; x_wconf 88' lang='grc'>1853)</span> <span class='ocrx_word' id='word_1_168' title='bbox 820 3231 848 3286; x_wconf 90' lang='lat' dir='ltr'><strong>p.</strong></span> <span class='ocrx_word' id='word_1_169' title='bbox 860 3218 1000 3271; x_wconf 87' lang='grc'>446-451</span> <span class='ocrx_word' id='word_1_170' title='bbox 1021 3242 1055 3262; x_wconf 95' lang='lat'>=</span> <span class='ocrx_word' id='word_1_171' title='bbox 1073 3215 1258 3288; x_wconf 86' lang='lat' dir='ltr'><strong>Marquardt.:</strong></span> 
     </span>
     <span class='ocr_line' id='line_1_21' title="bbox 139 3305 1257 3377; baseline 0.001 -15"><span class='ocrx_word' id='word_1_172' title='bbox 139 3327 162 3365; x_wconf 88' lang='lat' dir='ltr'><strong>r.</strong></span> <span class='ocrx_word' id='word_1_173' title='bbox 192 3308 367 3365; x_wconf 83' lang='lat' dir='ltr'><strong>Staatsverv.</strong></span> <span class='ocrx_word' id='word_1_174' title='bbox 390 3306 418 3361; x_wconf 93' lang='lat' dir='ltr'><strong>II</strong></span> <span class='ocrx_word' id='word_1_175' title='bbox 441 3305 545 3376; x_wconf 86' lang='lat' dir='ltr'><strong>(Leipz.</strong></span> <span class='ocrx_word' id='word_1_176' title='bbox 567 3305 646 3377; x_wconf 82' lang='lat'>1876)</span> <span class='ocrx_word' id='word_1_177' title='bbox 668 3322 695 3376; x_wconf 92' lang='lat' dir='ltr'><strong>p.</strong></span> <span class='ocrx_word' id='word_1_178' title='bbox 716 3306 869 3375; x_wconf 88' lang='grc'>561-571,</span> <span class='ocrx_word' id='word_1_179' title='bbox 896 3305 970 3374; x_wconf 85' lang='lat' dir='ltr'><strong>apud</strong></span> <span class='ocrx_word' id='word_1_180' title='bbox 992 3305 1206 3362; x_wconf 86' lang='lat' dir='ltr'><strong>Mommsenum:</strong></span> <span class='ocrx_word' id='word_1_181' title='bbox 1232 3325 1257 3364; x_wconf 90' lang='lat' dir='ltr'><strong>r.</strong></span> 
     </span>
     <span class='ocr_line' id='line_1_22' title="bbox 139 3392 1257 3466; baseline 0 -14"><span class='ocrx_word' id='word_1_182' title='bbox 139 3397 256 3453; x_wconf 84' lang='lat' dir='ltr'><strong>Staatsr.</strong></span> <span class='ocrx_word' id='word_1_183' title='bbox 280 3395 383 3466; x_wconf 84' lang='lat' dir='ltr'><strong>(Leipa.</strong></span> <span class='ocrx_word' id='word_1_184' title='bbox 406 3396 497 3465; x_wconf 72' lang='lat'>18762)</span> <span class='ocrx_word' id='word_1_185' title='bbox 522 3411 549 3465; x_wconf 92' lang='lat' dir='ltr'><strong>p.</strong></span> <span class='ocrx_word' id='word_1_186' title='bbox 570 3396 717 3450; x_wconf 78' lang='lat'><strong>124-133.</strong></span> <span class='ocrx_word' id='word_1_187' title='bbox 737 3394 798 3452; x_wconf 91' lang='grc'>615.</span> <span class='ocrx_word' id='word_1_188' title='bbox 816 3392 844 3447; x_wconf 95' lang='grc' dir='ltr'><strong>ΙΙ</strong></span> <span class='ocrx_word' id='word_1_189' title='bbox 863 3395 967 3463; x_wconf 60' lang='grc'>(18772)</span> <span class='ocrx_word' id='word_1_190' title='bbox 989 3410 1015 3463; x_wconf 93' lang='lat' dir='ltr'><strong>p.</strong></span> <span class='ocrx_word' id='word_1_191' title='bbox 1038 3396 1257 3452; x_wconf 60' lang='grc'>1811511111.</span> 
     </span>
     <span class='ocr_line' id='line_1_23' title="bbox 142 3481 1256 3554; baseline -0.001 -15"><span class='ocrx_word' id='word_1_192' title='bbox 142 3485 198 3539; x_wconf 93' lang='lat' dir='ltr'><strong>huc</strong></span> <span class='ocrx_word' id='word_1_193' title='bbox 216 3484 371 3554; x_wconf 88' lang='lat' dir='ltr'><strong>spectantia</strong></span> <span class='ocrx_word' id='word_1_194' title='bbox 390 3485 509 3553; x_wconf 84' lang='lat' dir='ltr'><strong>exstant,</strong></span> <span class='ocrx_word' id='word_1_195' title='bbox 527 3483 562 3538; x_wconf 89' lang='lat' dir='ltr'><strong>de</strong></span> <span class='ocrx_word' id='word_1_196' title='bbox 580 3499 664 3537; x_wconf 88' lang='lat' dir='ltr'><strong>causa</strong></span> <span class='ocrx_word' id='word_1_197' title='bbox 680 3481 885 3551; x_wconf 90' lang='lat' dir='ltr'><strong>triumphorum</strong></span> <span class='ocrx_word' id='word_1_198' title='bbox 903 3481 973 3535; x_wconf 91' lang='lat' dir='ltr'><strong>hene</strong></span> <span class='ocrx_word' id='word_1_199' title='bbox 992 3485 1153 3538; x_wconf 88' lang='lat' dir='ltr'><strong>meruerunt</strong></span> <span class='ocrx_word' id='word_1_200' title='bbox 1164 3483 1256 3538; x_wconf 88' lang='lat' dir='ltr'><strong>Armi·</strong></span> 
     </span>
     <span class='ocr_line' id='line_1_24' title="bbox 138 3569 1257 3642; baseline 0 -14"><span class='ocrx_word' id='word_1_201' title='bbox 138 3573 201 3628; x_wconf 90' lang='lat' dir='ltr'><strong>nius</strong></span> <span class='ocrx_word' id='word_1_202' title='bbox 224 3571 318 3629; x_wconf 84' lang='lat' dir='ltr'><strong>Goell:</strong></span> <span class='ocrx_word' id='word_1_203' title='bbox 346 3572 381 3626; x_wconf 89' lang='lat' dir='ltr'><strong>de</strong></span> <span class='ocrx_word' id='word_1_204' title='bbox 402 3572 537 3642; x_wconf 86' lang='lat' dir='ltr'><strong>triumphi</strong></span> <span class='ocrx_word' id='word_1_205' title='bbox 559 3571 677 3627; x_wconf 89' lang='lat' dir='ltr'><strong>Romani</strong></span> <span class='ocrx_word' id='word_1_206' title='bbox 703 3569 825 3639; x_wconf 82' lang='lat' dir='ltr'><strong>origiue,</strong></span> <span class='ocrx_word' id='word_1_207' title='bbox 852 3569 1005 3638; x_wconf 87' lang='lat' dir='ltr'><strong>permissu,</strong></span> <span class='ocrx_word' id='word_1_208' title='bbox 1033 3575 1182 3640; x_wconf 87' lang='lat' dir='ltr'><strong>apparatu,</strong></span> <span class='ocrx_word' id='word_1_209' title='bbox 1209 3574 1257 3628; x_wconf 88' lang='lat' dir='ltr'><strong>via</strong></span> 
     </span>
     <span class='ocr_line' id='line_1_25' title="bbox 138 3657 1252 3730; baseline -0.003 -13"><span class='ocrx_word' id='word_1_210' title='bbox 138 3660 291 3730; x_wconf 83' lang='lat' dir='ltr'><strong>(Schleizae</strong></span> <span class='ocrx_word' id='word_1_211' title='bbox 306 3661 384 3730; x_wconf 84' lang='lat'>1854)</span> <span class='ocrx_word' id='word_1_212' title='bbox 390 3682 398 3728; x_wconf 84' lang='lat'><em>3</em></span> <span class='ocrx_word' id='word_1_213' title='bbox 417 3660 545 3716; x_wconf 87' lang='lat' dir='ltr'><strong>Reinius:</strong></span> <span class='ocrx_word' id='word_1_214' title='bbox 562 3659 676 3730; x_wconf 87' lang='lat' dir='ltr'><strong>Encyel.</strong></span> <span class='ocrx_word' id='word_1_215' title='bbox 694 3657 791 3728; x_wconf 89' lang='lat' dir='ltr'><strong>Pauly.</strong></span> <span class='ocrx_word' id='word_1_216' title='bbox 800 3657 851 3727; x_wconf 81' lang='lat' dir='ltr'><strong>VI,</strong></span> <span class='ocrx_word' id='word_1_217' title='bbox 869 3673 896 3727; x_wconf 91' lang='lat' dir='ltr'><strong>p.</strong></span> <span class='ocrx_word' id='word_1_218' title='bbox 910 3660 979 3712; x_wconf 77' lang='lat'>2149</span> <span class='ocrx_word' id='word_1_219' title='bbox 999 3673 1060 3728; x_wconf 87' lang='lat' dir='ltr'><strong>sqq.</strong></span> <span class='ocrx_word' id='word_1_220' title='bbox 1090 3660 1252 3717; x_wconf 77' lang='lat' dir='ltr'><strong>Hennenus:</strong></span> 
     </span>
     <span class='ocr_line' id='line_1_26' title="bbox 139 3744 1255 3821; baseline -0.002 -15"><span class='ocrx_word' id='word_1_221' title='bbox 139 3749 168 3810; x_wconf 84' lang='lat' dir='ltr'><strong>G.</strong></span> <span class='ocrx_word' id='word_1_222' title='bbox 188 3750 210 3806; x_wconf 92' lang='grc' dir='ltr'><strong>Ι.</strong></span> <span class='ocrx_word' id='word_1_223' title='bbox 228 3750 259 3806; x_wconf 89' lang='lat' dir='ltr'><strong>L.</strong></span> <span class='ocrx_word' id='word_1_224' title='bbox 280 3750 302 3821; x_wconf 94' lang='lat' dir='ltr'><strong>I,</strong></span> <span class='ocrx_word' id='word_1_225' title='bbox 320 3767 347 3820; x_wconf 90' lang='lat' dir='ltr'><strong>p.</strong></span> <span class='ocrx_word' id='word_1_226' title='bbox 366 3751 420 3806; x_wconf 85' lang='lat'><strong>453</strong></span> <span class='ocrx_word' id='word_1_227' title='bbox 437 3765 511 3820; x_wconf 88' lang='lat' dir='ltr'><strong>sqq.;</strong></span> <span class='ocrx_word' id='word_1_228' title='bbox 530 3749 662 3806; x_wconf 82' lang='lat' dir='ltr'><strong>Stclzius:</strong></span> <span class='ocrx_word' id='word_1_229' title='bbox 682 3747 815 3816; x_wconf 86' lang='lat' dir='ltr'><strong>Triumph</strong></span> <span class='ocrx_word' id='word_1_230' title='bbox 836 3763 863 3805; x_wconf 90' lang='lat' dir='ltr'><strong>u.</strong></span> <span class='ocrx_word' id='word_1_231' title='bbox 883 3744 1002 3802; x_wconf 87' lang='lat' dir='ltr'><strong>Ovation</strong></span> <span class='ocrx_word' id='word_1_232' title='bbox 1020 3747 1154 3815; x_wconf 85' lang='lat' dir='ltr'><strong>(Rostock</strong></span> <span class='ocrx_word' id='word_1_233' title='bbox 1173 3751 1255 3819; x_wconf 90' lang='grc'>1874)</span> 
     </span>
     <span class='ocr_line' id='line_1_27' title="bbox 138 3835 1255 3910; baseline -0.002 -16"><span class='ocrx_word' id='word_1_234' title='bbox 138 3856 222 3910; x_wconf 91' lang='lat' dir='ltr'><strong>quem</strong></span> <span class='ocrx_word' id='word_1_235' title='bbox 238 3841 334 3894; x_wconf 90' lang='lat' dir='ltr'><strong>tamen</strong></span> <span class='ocrx_word' id='word_1_236' title='bbox 351 3837 487 3894; x_wconf 87' lang='lat' dir='ltr'><strong>nonnulla</strong></span> <span class='ocrx_word' id='word_1_237' title='bbox 503 3838 559 3904; x_wconf 87' lang='lat' dir='ltr'><strong>iam</strong></span> <span class='ocrx_word' id='word_1_238' title='bbox 581 3854 598 3891; x_wconf 92' lang='lat' dir='ltr'><strong>a</strong></span> <span class='ocrx_word' id='word_1_239' title='bbox 615 3835 739 3906; x_wconf 85' lang='lat' dir='ltr'><strong>Goellio‚</strong></span> <span class='ocrx_word' id='word_1_240' title='bbox 766 3836 844 3889; x_wconf 88' lang='lat' dir='ltr'><strong>onius</strong></span> <span class='ocrx_word' id='word_1_241' title='bbox 867 3836 1128 3890; x_wconf 90' lang='lat' dir='ltr'><strong>commentationem</strong></span> <span class='ocrx_word' id='word_1_242' title='bbox 1150 3837 1255 3905; x_wconf 80' lang='lat' dir='ltr'><strong>legisse</strong></span> 
     </span>
     <span class='ocr_line' id='line_1_28' title="bbox 136 3923 1253 3998; baseline 0 -16"><span class='ocrx_word' id='word_1_243' title='bbox 136 3945 193 3984; x_wconf 90' lang='lat' dir='ltr'><strong>non</strong></span> <span class='ocrx_word' id='word_1_244' title='bbox 223 3927 346 3998; x_wconf 88' lang='lat' dir='ltr'><strong>videtur,</strong></span> <span class='ocrx_word' id='word_1_245' title='bbox 377 3927 522 3996; x_wconf 83' lang='lat' dir='ltr'><strong>explorata</strong></span> <span class='ocrx_word' id='word_1_246' title='bbox 552 3925 692 3994; x_wconf 83' lang='lat' dir='ltr'><strong>fugerunt.</strong></span> <span class='ocrx_word' id='word_1_247' title='bbox 740 3923 839 3994; x_wconf 88' lang='lat' dir='ltr'><strong>Nuper</strong></span> <span class='ocrx_word' id='word_1_248' title='bbox 868 3923 1005 3979; x_wconf 87' lang='lat' dir='ltr'><strong>Henricns</strong></span> <span class='ocrx_word' id='word_1_249' title='bbox 1036 3923 1150 3980; x_wconf 86' lang='lat' dir='ltr'><strong>Matzat:</strong></span> <span class='ocrx_word' id='word_1_250' title='bbox 1182 3932 1253 3982; x_wconf 83' lang='lat' dir='ltr'><strong>rbm.</strong></span> 
     </span>
     <span class='ocr_line' id='line_1_29' title="bbox 137 4013 1254 4086; baseline -0.004 -13"><span class='ocrx_word' id='word_1_251' title='bbox 137 4016 323 4086; x_wconf 81' lang='lat' dir='ltr'><strong>Chronologie</strong></span> <span class='ocrx_word' id='word_1_252' title='bbox 349 4016 364 4071; x_wconf 95' lang='lat' dir='ltr'>I</span> <span class='ocrx_word' id='word_1_253' title='bbox 392 4014 477 4082; x_wconf 92' lang='lat' dir='ltr'><strong>(Berl.</strong></span> <span class='ocrx_word' id='word_1_254' title='bbox 502 4013 583 4084; x_wconf 86' lang='lat'>1883)</span> <span class='ocrx_word' id='word_1_255' title='bbox 610 4030 637 4083; x_wconf 91' lang='lat' dir='ltr'><strong>p.</strong></span> <span class='ocrx_word' id='word_1_256' title='bbox 668 4013 718 4067; x_wconf 83' lang='lat'><strong>165</strong></span> <span class='ocrx_word' id='word_1_257' title='bbox 746 4014 904 4066; x_wconf 89' lang='grc'>167-169.</span> <span class='ocrx_word' id='word_1_258' title='bbox 934 4013 1081 4066; x_wconf 85' lang='grc'>177-184.</span> <span class='ocrx_word' id='word_1_259' title='bbox 1112 4014 1254 4068; x_wconf 88' lang='grc'>188-190</span> 
     </span>
     <span class='ocr_line' id='line_1_30' title="bbox 135 4100 1027 4174; baseline -0.006 -15"><span class='ocrx_word' id='word_1_260' title='bbox 135 4105 251 4174; x_wconf 88' lang='lat' dir='ltr'><strong>primus,</strong></span> <span class='ocrx_word' id='word_1_261' title='bbox 270 4104 343 4174; x_wconf 88' lang='lat' dir='ltr'><strong>quod</strong></span> <span class='ocrx_word' id='word_1_262' title='bbox 362 4103 457 4171; x_wconf 86' lang='lat' dir='ltr'><strong>sciam,</strong></span> <span class='ocrx_word' id='word_1_263' title='bbox 477 4101 632 4157; x_wconf 84' lang='lat' dir='ltr'><strong>accuratius</strong></span> <span class='ocrx_word' id='word_1_264' title='bbox 651 4101 686 4156; x_wconf 86' lang='lat' dir='ltr'><strong>de</strong></span> <span class='ocrx_word' id='word_1_265' title='bbox 704 4100 852 4170; x_wconf 88' lang='lat' dir='ltr'><strong>triumphis</strong></span> <span class='ocrx_word' id='word_1_266' title='bbox 871 4100 942 4154; x_wconf 90' lang='lat' dir='ltr'><strong>fictis</strong></span> <span class='ocrx_word' id='word_1_267' title='bbox 962 4100 1027 4167; x_wconf 76' lang='lat' dir='ltr'><strong>egit.</strong></span> 
     </span>
    </p>
   </div>
   <div class='ocr_carea' id='block_1_5' title="bbox 0 0 1496 4852">
    <p class='ocr_par' dir='ltr' id='par_1_5' title="bbox 0 0 1496 4852">
     <span class='ocr_line' id='line_1_31' title="bbox 0 0 1496 4852; baseline 0 3"><span class='ocrx_word' id='word_1_268' title='bbox 0 0 1496 4852; x_wconf 95' lang='lat' dir='ltr'><strong> </strong></span> 
     </span>
    </p>
   </div>
  </div>
 </body>
</html>
