2984 4852
640 351 895 461 ⁵-4s-

229 613 260 687 2)
281 612 364 670 Idem
386 610 464 670 cadit
484 611 516 667 in
536 615 648 668 ceteros
669 626 774 677 omnes,
795 611 900 682 quibus
921 610 1058 669 Claudius
1079 611 1115 668 ob
1137 610 1347 683 expeditionem

225 710 425 768 Britannicam
456 708 643 780 triumphalia
674 708 854 766 decernenda
885 709 1001 766 curavit
1032 724 1122 778 eaque
1153 708 1346 769 hauddubie

227 812 295 864 ante
326 807 512 878 triumphum.
565 805 716 863 Suetonius
748 806 824 862 enim
855 804 969 880 (Claud.
995 805 1057 879 17),
1089 806 1140 863 nbi
1169 806 1347 879 triumphum

226 903 342 962 Claudii
363 903 509 974 describit,
542 903 633 960 tradit
654 902 806 961 Claudium
827 903 1056 974 triumphantem
1076 908 1189 962 secutos
1211 921 1273 962 esse
1294 907 1347 963 tri-

226 1002 374 1075 umphalia
404 1004 575 1059 ornamenta
606 1000 706 1058 eodem
730 1001 810 1078 bello,
833 1000 960 1072 adeptae,
994 1004 1104 1058 ceteros
1125 1001 1245 1073 pedibus
1266 1003 1348 1060 etin

225 1104 386 1172 praetexta,
418 1097 555 1158 Crassum
574 1098 669 1170 Frugi
700 1114 772 1168 equo
805 1099 957 1171 phalerato
989 1103 1020 1155 et
1049 1098 1080 1155 in
1106 1103 1187 1157 veste
1207 1100 1344 1172 palmata,

112 1173 116 1184 ’
163 1191 166 1196 ’
229 1197 322 1268 ,quod
347 1213 412 1254 eurn
437 1198 573 1255 honorem
604 1196 792 1253 iteraverat“.
833 1194 942 1253 Parum
974 1200 1108 1254 accurate
1139 1196 1229 1267 igitur
1258 1193 1343 1270 Dio¹)

226 1311 323 1352 rerum
344 1294 473 1352 ordinem
495 1298 601 1364 servat,
624 1294 831 1364 cumprimum
854 1292 934 1367 (LX,
957 1294 1004 1363 23,
1029 1293 1060 1368 1)
1080 1293 1172 1351 refert
1192 1291 1347 1351 Claudium

226 1392 427 1464 triumphasse,
461 1391 563 1449 deinde
590 1389 643 1465 (ib.
666 1391 712 1461 23,
737 1390 768 1465 2)
799 1391 863 1448 istis
884 1394 1053 1448 ornamenta
1072 1390 1261 1461 triumphalia
1282 1406 1347 1448 eum

227 1489 370 1561 tribuisse,
393 1505 562 1561 quamquam
579 1488 765 1560 triumphalia
777 1487 894 1546 decreta
908 1504 969 1545 esse
983 1493 1050 1559 post
1063 1487 1239 1559 triumphum
1252 1489 1346 1561 planis

226 1587 322 1644 verbis
342 1604 379 1644 ne
398 1586 456 1643 Dio
477 1587 593 1657 quidem
613 1587 720 1659 prodit.
762 1585 820 1643 Sed
841 1602 859 1642 a
880 1590 982 1643 senatu
997 1585 1114 1643 decreta
1135 1591 1200 1643 sunt
1221 1590 1271 1642 aut
1290 1585 1346 1643 fine

226 1684 304 1757 anni¹
320 1685 358 1741 43
389 1700 447 1740 una
479 1699 542 1740 cum
572 1682 719 1754 triumpho
742 1681 862 1741 Claudio
894 1683 1010 1740 decreto
1043 1682 1120 1756 (Dio.
1142 1681 1211 1752 LX,
1233 1685 1279 1754 22,
1305 1683 1344 1758 1),

228 1779 304 1850 quod
324 1780 414 1851 magis
436 1779 616 1848 crediderim,
643 1783 694 1836 aut
713 1779 797 1836 initio
819 1780 887 1836 anni
908 1782 955 1844 44,
982 1780 1081 1850 procul
1102 1779 1187 1837 dubio
1209 1784 1276 1836 ante
1298 1795 1346 1838 ac·

225 1882 286 1934 tum
317 1877 505 1949 triumphum,
537 1882 689 1949 postquam
713 1877 819 1934 litteris
845 1877 883 1934 ad
909 1883 1040 1934 senatum
1070 1876 1164 1935 missis
1188 1877 1348 1949 imperator

227 1974 339 2032 exstitit
360 1979 467 2034 auctor.
1246 2018 1248 2028 .

305 2073 371 2131 Jarn
392 2072 539 2130 suboritur
565 2061 706 2143 quaestio,¹
736 2072 852 2143 quinam
879 2071 1067 2144 triumphalia
1092 2072 1143 2129 illa
1164 2071 1346 2143 expeditione

226 2169 326 2241 adepti
340 2169 491 2228 Claudium
512 2170 740 2242 triumphantem
761 2170 852 2227 secuti
873 2170 939 2227 sint.
976 2170 1010 2226 ln
1030 2170 1086 2227 hoc
1105 2185 1224 2226 numero
1239 2166 1346 2226 Cetam

225 2266 314 2324 fuisse
335 2267 490 2325 verisimile
511 2270 563 2338 est,
586 2268 703 2339 probari
723 2267 831 2337 nequit.

307 2365 334 2421 3.
366 2360 473 2420 Procul
494 2363 578 2421 dubio
601 2362 750 2440 Crassus
770 2364 889 2436 Frugi,
913 2380 1007 2422 comes
1025 2361 1147 2435 Claudii,
1170 2367 1204 2420 ut
1223 2363 1345 2435 videtur,

228 2460 259 2517 in
280 2460 444 2532 Britannia,
477 2461 532 2517 huc
562 2459 729 2518 referendus
761 2466 813 2527 111,
845 2461 892 2518 cui
911 2461 963 2518 uni
985 2462 1143 2532 imperator
1168 2466 1202 2518 ut
1222 2477 1294 2532 equo
1316 2465 1347 2518 et

227 2562 307 2616 veste
328 2558 456 2630 palmata
481 2558 512 2615 in
532 2559 679 2630 triumpho
700 2557 831 2616 uteretur
851 2558 993 2630 permisit,
1025 2558 1102 2629 qnod
1123 2574 1188 2616 eum
1208 2559 1345 2615 honorem

224 2656 388 2714 iteraverat
414 2653 509 2730 (Suet.
532 2655 635 2716 Claud.
660 2655 709 2731 17)
730 2657 749 2713 i.
773 2674 798 2714 e.
820 2656 896 2727 quod
916 2655 1047 2731 iternm¹)
1071 2655 1190 2714 Crassus
1210 2661 1271 2713 tum
1291 2654 1347 2712 tri·

224 2754 372 2826 umphalia
392 2752 513 2825 adeptus
537 2758 589 2812 est.

304 2851 361 2908 Hic
387 2849 509 2908 Crassus
534 2847 652 2925 Frugi)
679 2849 778 2908 consul
804 2854 848 2908 est
873 2851 940 2909 anni
967 2851 1014 2908 27.
1056 2852 1091 2908 In
1111 2850 1348 2923 inscriptionibus

226 2974 439 2984 —-—

297 3035 319 3107 ¹)
338 3034 428 3104 εἰκόνα,
452 3051 535 3106 quem
558 3034 612 3090 Dio
634 3034 691 3105 LX,
711 3038 745 3091 23
768 3033 865 3090 Rufrio
885 3035 1014 3106 Pollioni,
1036 3033 1177 3105 praelecto
1202 3035 1346 3104 praetorii,

225 3126 285 3178 tum
307 3122 455 3180 Claudium
476 3124 608 3179 tribuisse
630 3123 727 3193 tradit,
755 3125 876 3178 statuam
902 3122 1101 3194 triumphalem
1127 3123 1347 3191 intellegendam

226 3228 287 3267 esse
305 3211 493 3266 Mommsenus
522 3212 555 3280 (r.
575 3210 629 3270 Str.
649 3210 671 3281 1,
693 3228 721 3281 p.
737 3211 805 3284 437)
834 3212 985 3282 contendit,
1012 3213 1116 3267 rectius
1135 3210 1168 3267 Ο.
1186 3209 1346 3266 Hirschfeld

227 3299 493 3371 (Untersuchungen
505 3299 555 3354 aui
565 3299 591 3358 d.
604 3299 720 3356 Cebiete
734 3300 783 3355 der
793 3308 862 3357 rom.
875 3300 1163 3369 Verwaltungsgesch.
1178 3301 1246 3355 1877
1259 3298 1347 3368 Β111.)

225 3388 248 3458 I,
266 3406 293 3459 p.
313 3391 375 3459 220,
393 3390 410 3443 8
429 3388 500 3442 alius
521 3389 629 3458 generis
647 3390 769 3444 statuam
786 3389 928 3458 intelligit.

297 3478 319 3546 ²)
336 3477 412 3532 idern
430 3477 534 3532 sentire
552 3477 634 3533 modo
654 3478 710 3533 vidi
728 3478 892 3538 Hiibnerum
911 3478 1041 3548 (Hermes
1059 3477 1134 3547 XVI)
1156 3479 1222 3533 1881
1242 3493 1269 3546 p.
1282 3476 1344 3534 526.

226 3564 307 3632 Quod
326 3566 351 3620 si
368 3582 432 3620 non,
443 3567 555 3636 probes,
573 3565 644 3620 nihil
661 3566 830 3637 relinquitur
847 3567 902 3622 nisi
920 3568 952 3621 ut
969 3583 1058 3636 ponas
1073 3564 1206 3621 Crassum
1223 3564 1345 3634 primum

224 3655 405 3723 prosecutum
427 3670 490 3709 esse
510 3653 666 3724 Caligulam
687 3655 777 3724 pridie
800 3654 863 3710 Kal.
883 3654 1008 3732 Septa.
1027 3657 1063 3710 40
1090 3654 1218 3709 ovatione
1246 3653 1346 3712 urbem

224 3742 428 3811 ingredientem
447 3742 534 3812 (Suet.
555 3742 642 3812 Calig.
661 3745 705 3801 47.
724 3745 767 3802 48.
786 3742 849 3800 Dio.
866 3742 937 3814 LIX,
956 3746 999 3814 23,
1018 3744 1059 3798 25.
1080 3741 1115 3800 11.
1133 3741 1211 3799 Suet.
1230 3739 1288 3798 Cal.
1307 3742 1349 3810 8),

150 3875 152 3880 .
224 3832 284 3886 tum
301 3831 404 3886 iterum
421 3831 641 3902 triumphantem
658 3833 857 3902 imperatorem
874 3834 1001 3888 secutum
1019 3847 1080 3888 esse
1098 3848 1124 3890 a.
1142 3835 1186 3891 44.

297 3920 318 3990 ³)
339 3919 372 3976 cf.
392 3919 550 3976 Schiissler:
579 3921 624 3976 die
645 3920 746 3976 Licinii
769 3919 865 3976 Crassi
891 3921 941 3977 der
967 3920 1124 3976 Kaiserzeit
1151 3918 1235 3989 (Berl.
1256 3921 1347 3990 1878),

225 4026 252 4079 p.
273 4012 286 4063 1
307 4025 378 4079 sqq,
407 4025 491 4080 quam
518 4010 779 4065 commentationem
807 4010 924 4080 adipisci
951 4026 1008 4064 non
1034 4009 1122 4079 potui.
1159 4007 1192 4068 of.
1215 4009 1346 4065 Bursian.

226 4097 387 4153 Jahresber.
405 4101 423 4155 f.
444 4100 512 4154 1878
531 4099 585 4157 vol.
603 4098 662 4169 XV,
676 4115 707 4186 ¹p.
726 4100 788 4155 120.
