2984 4852
642 413 862 474 ..12-

194 625 249 683 hac
274 623 441 694 quaestione
473 623 607 681 omittere
639 627 779 695 praestat,
811 638 875 681 cum
905 624 994 683 verba
1021 627 1158 694 ,auctore
1184 626 1310 698 impera·-

195 723 276 780 tore“
311 726 375 787 etc..
407 721 462 779 etsi
492 720 578 778 hodie
610 736 667 778 nou
697 725 824 792 exstant,
857 721 949 779 incisa
975 721 1043 779 olim
1069 721 1159 780 fuisse
1189 724 1308 795 possint.

195 818 354 876 Praeterea
384 817 485 891 procul
515 818 654 876 arcendas
679 834 741 877 esse
769 818 970 890 inscriptiones
994 818 1029 877 L.
1056 818 1141 877 Junii
1169 820 1261 879 Silani
1281 826 1312 879 et

199 916 314 977 Nervae
334 917 365 974 iu
385 916 475 991 loco¹)
497 917 664 989 explanabo.

275 1015 390 1086 Septem
421 1018 518 1070 autem
548 1012 642 1071 titulis
673 1012 711 1070 ad
741 1012 938 1083 quaestionem
966 1018 1096 1070 nostram
1121 1012 1312 1072 dirimendam

198 1111 310 1169 idoneis
330 1110 465 1177 adducor,
487 1115 520 1167 ut
541 1113 709 1168 ornamenta
730 1110 929 1186 triumphalia,
955 1126 1029 1181 quae
1054 1110 1130 1169 sicut
1150 1111 1313 1184 triumphos

196 1209 253 1266 nisi
284 1225 302 1266 a
328 1211 433 1265 senatu
464 1221 522 1264 nou
553 1206 670 1264 decreta
701 1222 762 1264 esse
788 1205 941 1280 constat2),
967 1223 1030 1284 ‚nun
1056 1223 1169 1280 semper
1196 1208 1313 1266 decreta

197 1311 295 1379 putem
316 1309 433 1363 auctore
453 1286 626 1376 imperatore
646 1304 698 1375 ita,
719 1310 753 1361 ut
771 1319 826 1376 pro
846 1302 963 1376 fastigio
983 1304 1066 1375 quasi
1086 1305 1204 1362 honoris
1224 1305 1312 1363 habe-

198 1409 288 1472 retur,
311 1420 374 1461 cum
394 1403 457 1475 ipse
469 1403 635 1474 imperator
656 1407 773 1460 senatus
793 1401 917 1458 consulti
937 1402 1097 1460 exstitisset
1117 1409 1227 1460 auctor.
1268 1403 1314 1460 Ea

199 1501 282 1574 enim,
306 1501 455 1572 dequibus
470 1501 572 1573 agitur,
594 1501 690 1571 verba,
705 1501 730 1557 si
745 1500 791 1558 cui
804 1504 922 1558 auctore
936 1500 1111 1572 imperatore
1125 1501 1313 1574 triumphalia

197 1605 282 1657 erant
302 1599 421 1657 decreta
441 1615 532 1670 neque
553 1598 681 1656 eiusdem
701 1598 842 1671 principis
862 1599 998 1656 memoria
1019 1598 1154 1656 damnata
1175 1604 1253 1668 erat,
1283 1600 1315 1656 in

197 1696 358 1755 universum
379 1697 464 1754 titulo
486 1696 639 1754 inserenda
658 1695 748 1753 fuisse
768 1711 865 1765 nemo,
893 1695 1003 1767 opinor,
1032 1696 1183 1753 titulorum
1203 1696 1315 1768 peritus

196 1795 329 1866 negabit,
362 1809 426 1850 cum
450 1794 623 1866 praesertim
647 1791 751 1849 maiori
773 1791 852 1849 laudi
878 1796 956 1849 esset
981 1791 1021 1863 ei,
1055 1793 1134 1850 cuins
1155 1793 1250 1865 gloria
1270 1794 1315 1851 iu·

201 1891 357 1962 scriptione
386 1891 424 1948 ad
454 1895 585 1963 posteros
619 1893 806 1961 propagetur.
862 1886 999 1946 Ceterum
1029 1894 1172 1962 senatum,
1207 1891 1233 1948 si
1268 1892 1315 1949 cui

198 1987 386 2059 triumphalia
406 1987 561 2045 decernere
582 1987 684 2055 vellet,
705 1986 762 2044 nisi
788 1983 939 2058 explorata
964 1986 1147 2058 imperatoris
1168 1988 1314 2045 voluntate

201 2100 258 2142 non
279 2085 449 2143 crediderim
469 2085 641 2142 decrevisse.
683 2083 801 2142 Dixerit
814 2083 957 2155 quispiam
976 2080 1041 2142 fieri
1054 2100 1112 2142 non
1131 2101 1224 2157 posse,
1246 2086 1315 2156 quin

198 2183 402 2255 inscriptiones
422 2177 532 2254 septem
553 2182 619 2239 illas
640 2197 709 2238 sano
733 2181 840 2239 iudicio
861 2181 1121 2254 contemplantibus
1145 2182 1224 2240 ultro
1251 2198 1314 2241 sese

199 2279 336 2338 obtrudat
355 2279 470 2336 diversa
486 2277 620 2337 condicio
645 2283 817 2350 temporum.
858 2279 946 2348 Nam,
977 2295 1041 2336 cum
1064 2279 1095 2336 iu
1119 2279 1213 2338 titulis
1239 2281 1313 2337 auti-

197 2377 346 2449 quioribus
368 2380 504 2445 „auctore
528 2376 721 2448 imperator&
744 2392 802 2433 nou
825 2375 955 2448 legatur,
985 2376 1101 2447 legatur
1126 2377 1156 2433 iu
1181 2378 1274 2435 titulis
1295 2395 1313 2434 a

197 2474 372 2546 Vespasiani
382 2473 546 2546 principatu
556 2473 662 2545 incisis,
674 2489 767 2530 noune
778 2473 858 2544 sequi
867 2472 990 2543 videtur,
996 2479 1037 2544 ut,
1049 2489 1113 2532 cum
1127 2475 1314 2547 triumphalia

199 2572 316 2630 decreta
335 2572 387 2630 illa
406 2571 521 2642 quidem
544 2587 601 2628 non
621 2571 679 2629 siut
699 2570 755 2628 uisi
775 2575 895 2629 auctore
907 2572 1092 2643 imperatore,
1113 2573 1203 2630 verba
1224 2573 1314 2631 haece

200 2669 396 2744 superioribus
416 2669 591 2744 temporibus
612 2673 645 2726 ut
665 2684 879 2741 supervacanea
903 2671 1021 2740 omissa,
1053 2670 1261 2742 posterioribus
1283 2673 1313 2728 in

198 2769 401 2841 inscriptiones
422 2773 549 2842 recepta
578 2768 657 2826 siuti>
701 2766 783 2839 Quae
814 2766 908 2824 tribus
938 2766 1118 2840 potissimum
1150 2767 1185 2824 de
1217 2768 1311 2824 causis

200 2867 325 2926 concidit
345 2865 456 2939 opinio:

216 2943 221 2956 ⁴
276 2965 400 3037 primum
425 2980 462 3022 ne
483 2963 630 3022 Tiberium
655 2961 770 3034 quidem
794 2961 998 3033 imperatorem
1023 2961 1137 3034 semper
1166 2966 1314 3019 auctorem

199 3062 344 3120 exstitisse
365 3061 502 3134 concludo
523 3077 560 3119 ex
573 3060 670 3119 Taciti
688 3060 753 3118 loco
768 3058 853 3135 (Anu.
869 3059 909 3126 II,
932 3057 997 3133 52):
1020 3103 1028 3118 .
1051 3104 1058 3118 .
1081 3103 1088 3116 .
1110 3058 1245 3116 Tiberius
1265 3075 1314 3116 res

200 3164 297 3232 gestas
319 3161 371 3235 (sc.
391 3160 433 3218 M.
453 3158 538 3217 Furii
551 3157 681 3232 Camilli)
704 3156 780 3229 apud
794 3160 925 3214 senatum
940 3155 1098 3214 celebravit
1118 3161 1148 3213 et
1161 3143 1313 3214 decrevere
1418 3165 1422 3172 '

198 3261 297 3328 patres
326 3256 513 3328 triumphalia
537 3255 676 3327 iusignia,
711 3254 804 3325 ,quod
828 3250 951 3311 Camillo
977 3252 1013 3311 ob
1038 3253 1206 3312 modestiam
1235 3254 1313 3311 vitae

198 3355 313 3428 impune
334 3354 422 3426 fuit“;
1312 3337 1315 3342 ’

279 3451 381 3510 deiude
396 3450 485 3510 verba
498 3454 633 3519 „auctore
644 3450 820 3521 imperatore
830 3445 956 3506 Caesare
967 3447 1148 3521 Vespasiano
1158 3445 1311 3520 Augusto‘

198 3549 229 3606 in
254 3550 338 3607 titulo
363 3547 477 3620 Tampii
501 3546 637 3607 Flaviani
663 3544 710 3621 (0.
736 3546 757 3603 Ι.
784 3545 819 3604 L.
841 3546 878 3619 X,
906 3542 1030 3621 6225)⁸)
1057 3561 1150 3617 neque
1175 3545 1313 3618 leguntur

201 3662 293 3718 neque
313 3661 445 3716 unquam,
467 3644 493 3702 si
513 3643 582 3716 quid
602 3643 715 3702 omniuo
736 3642 837 3712 video,
869 3644 905 3701 ob
925 3643 1030 3715 lapidis
1054 3643 1201 3715 angustias
1222 3642 1314 3701 incisa

198 3743 287 3802 fuisse
307 3745 438 3817 possunt;

270 3931 279 3962 ¹
309 3946 335 3984 v.
353 3929 426 3998 part.
444 3925 481 3994 11,
500 3941 522 3982 e.
541 3923 584 3980 111
602 3924 618 3994 s
638 3925 663 3994 a,
682 3939 705 3979 ο.
723 3921 761 3978 rv
781 3922 797 3992 s
818 3927 842 3993 1,
860 3925 885 3978 a.
