2984 4852
695 427 916 490 ..16-

245 639 303 697 Bes
327 639 420 712 igitur
445 639 491 697 ita
514 655 546 697 se
570 638 673 698 habet:
706 644 837 710 senatus,
869 655 934 695 eum
958 637 1110 710 Augustus
1139 654 1193 710 pro
1217 636 1368 708 triumpho

245 735 362 794 decreto
392 741 427 794 ut
456 736 646 809 triumphalia
676 736 703 794 ei
734 735 958 794 decernerentur
982 735 1191 807 proposuisset,
1224 734 1368 807 principis

244 833 389 892 uoluntati
421 835 575 892 obsecutus
606 838 660 892 est.
704 832 853 892 Videntur
884 833 975 906 igitur
1004 833 1123 890 Tiberio
1153 832 1269 890 decreta
1299 847 1367 889 esse

213 913 219 922 ’
245 935 364 990 auctore
383 931 568 1004 imperatore.

327 1028 397 1088 Jam
417 1045 487 1088 vero
508 1028 585 1086 haud
605 1029 674 1098 seio,
700 1045 737 1086 an
756 1029 861 1086 iterum
881 1029 930 1086 hic
949 1027 1040 1086 honos
1059 1026 1177 1085 'l'iberio
1198 1025 1362 1097 eontigerit.

245 1124 302 1182 Dio
335 1124 432 1195 (LIV,
460 1124 512 1200 34)
543 1126 618 1183 enim
649 1131 753 1184 namot
776 1125 925 1184 Tiberium
945 1157 983 1168 —·
1009 1131 1130 1198 propter
1152 1123 1304 1182 Dalmatas
1335 1130 1370 1182 et

244 1221 411 1282 Pannonios
431 1223 566 1281 subactos
587 1257 624 1265 -
646 1240 674 1283 a.
696 1226 730 1281 11
755 1241 781 1281 a
801 1222 870 1283 Chr.
892 1222 1034 1298 eosdem')
1054 1224 1179 1281 honores
1192 1222 1364 1279 adsecutum

245 1336 308 1378 esse
333 1337 369 1378 ae
387 1319 524 1381 Drusum.
566 1322 681 1392 Itaque,
714 1337 778 1379 oum
803 1321 902 1379 Druso
925 1321 1050 1378 testibus
1074 1320 1169 1378 Dione
1194 1317 1288 1392 (LIV,
1311 1318 1366 1392 33)

250 1421 281 1474 et
305 1415 443 1476 Suetonio
469 1416 585 1493 (Claud.
609 1417 641 1493 l)
666 1423 787 1490 praeter
812 1422 982 1476 ornamenta
1000 1415 1188 1488 triumphalia
1210 1420 1244 1472 ut
1273 1432 1368 1474 ovans

238 1515 345 1586 ,urbem
364 1515 568 1587 ingrederetur
582 1515 729 1574 decretum
750 1516 798 1585 sit,
820 1531 913 1573 nonne
927 1515 1055 1586 cogimur
1074 1517 1201 1572 statuere
1214 1513 1364 1571 Tiberium

244 1615 361 1682 praeter
374 1617 487 1671 eeteros
504 1613 627 1670 honores
647 1629 675 1669 a.
692 1616 725 1670 ll
743 1629 769 1669 a.
787 1612 854 1671 Chr.
875 1613 981 1671 iterum
995 1616 1163 1669 ornamenta
1175 1611 1366 1683 triumphalia

244 1708 381 1782 adeptum
401 1709 483 1767 esse?
523 1709 637 1783 Nempe
656 1715 691 1768 ut
710 1711 808 1783 plures
828 1709 991 1782 triumphos
1016 1711 1053 1768 ab
1078 1708 1180 1767 eodem
1199 1714 1279 1765 actm
1299 1724 1363 1766 esse

244 1805 317 1863 satis
346 1806 440 1864 multa
471 1808 603 1879 exempla
633 1807 752 1877 dorent,
782 1808 826 1864 ita
857 1813 1026 1865 ornamenta
1055 1807 1145 1864 etiam
1174 1805 1366 1877 triumphalia

244 1900 376 1978 pluries’)
398 1902 491 1961 eidem
512 1903 621 1962 homini
641 1903 759 1963 decreta
779 1921 841 1962 esse
862 1904 930 1976 quid
950 1909 996 1962 est
1015 1920 1067 1962 cnr
1086 1900 1242 1961 miremur?

326 1999 462 2060 Tiberius
486 2003 548 2057 tum
569 2000 627 2059 fuit
651 2001 763 2074 legatus
788 1999 943 2075 Augusta)
964 2001 1104 2076 (Monam.
1131 2000 1237 2074 Anoyr.
1260 2001 1287 2069 5,
1309 1998 1365 2074 44)

244 2097 395 2156 consulatu
414 2114 444 2156 a.
468 2100 504 2156 13
526 2116 552 2158 a.
575 2099 643 2160 Chr.
664 2098 779 2157 iunctus
800 2104 872 2157 erat

323 2193 340 2270 ξ
367 2196 396 2254 2.
436 2195 506 2255 Jam
529 2197 679 2268 Drusus,
709 2202 795 2271 pater
820 2196 935 2255 Claudii
959 2196 1160 2268 imperatoris,
1192 2196 1229 2253 ob
1256 2211 1304 2253 res
1329 2195 1362 2252 in

244 2291 402 2350 Germania
431 2293 505 2350 bene
535 2299 633 2366 gestas
668 2293 750 2368 (Liu.
781 2311 827 2367 op.
860 2292 1057 2366 CXXXVIII)
1093 2288 1222 2366 omnus)
1252 2292 1296 2350 ius
1327 2297 1361 2350 et

245 2393 414 2446 ornamenta
444 2390 633 2462 triumphalia
663 2407 689 2448 a.
718 2393 751 2448 11
781 2408 809 2450 a.
834 2389 906 2449 Chr.
938 2390 1051 2462 aceepit
1082 2388 1177 2464 (Suet.
1205 2388 1305 2448 Claud.
1333 2393 1361 2448 1.

244 2487 300 2546 Dio
320 2485 404 2557 LIV,
426 2488 487 2564 33),
513 2489 624 2561 legatus
644 2488 781 2561 Augusti,
808 2489 865 2546 nisi
886 2489 980 2547 fallor.
1001 2483 1214 2562 Consulatum)
1234 2486 1362 2545 nondum

245 2588 384 2657 gesserat,
405 2583 457 2642 sed
476 2584 633 2642 honoribus
646 2585 802 2657 praetoriis
823 2601 849 2645 a.
868 2586 903 2643 15
918 2602 945 2643 a.
961 2584 1029 2644 Chr.
1044 2585 1170 2657 acceptis
1190 2584 1261 2659 (Dio
1281 2584 1359 2658 LIV,

245 2682 297 2758 22)
317 2698 343 2740 a
369 2684 403 2739 11
428 2698 455 2741 a.
477 2679 546 2739 (111.
569 2681 672 2740 aedilis
692 2681 763 2757 (Dio
783 2682 863 2752 LIV,
886 2682 937 2757 32)
958 2688 1073 2741 oreatus
1094 2688 1146 2740 est.

326 2795 343 2872 ξ
366 2797 394 2857 3.
434 2796 470 2855 L.
490 2795 638 2871 Pisone)
659 2795 813 2871 pontifici)
835 2814 910 2855 anno
931 2797 1032 2855 eodem
1054 2800 1088 2855 ll
1111 2814 1138 2856 a.
1154 2796 1221 2856 Chr.
1243 2800 1363 2868 praeter

244 2894 487 2969 supplicationem
517 2897 687 2952 ornamenta
711 2893 899 2966 triumphalia
925 2893 961 2951 ob
986 2893 1184 2966 Vologaesen,
1216 2894 1362 2951 Thracum

245 2992 354 3066 duoem,
377 2997 545 3066 superatum
565 2992 643 3069 (Liv.
666 3009 709 3065 ep.
733 2989 932 3060 CXXXVIII,
955 2991 991 3053 oi.
1011 2992 1092 3054 Flor.
1112 2993 1150 3064 11,
1172 2991 1224 3068 27)
1246 2992 1368 3050 decreta

244 3096 311 3148 sunt
332 3089 404 3166 (Dio
417 3089 498 3163 LIV,
521 3089 654 3149 34111.
676 3107 740 3149 aun.
756 3089 809 3161 VI,
833 3089 884 3166 10)
906 3091 1002 3162 ibique
1015 3094 1090 3148 teste
1103 3089 1216 3149 Velleio
1237 3087 1289 3163 (Π,
1306 3088 1361 3164 98)

244 3187 333 3259 legati
357 3185 492 3247 Caesaris
517 3204 633 3248 munere
658 3188 783 3260 iungens
807 3188 932 3246 triennio
958 3203 1022 3246 oum
1047 3187 1083 3245 iis
1112 3187 1247 3257 bellavit,
1278 3187 1366 3245 anuis

251 3320 455 3332 ——-

315 3405 338 3474 ¹)
357 3403 424 3456 ιῗιστε
443 3396 485 3458 καὶ
502 3409 554 3456 τῶν
574 3403 663 3458 dolon
682 3410 734 3457 τῶν
755 3403 839 3457 αὐτῶν
858 3409 895 3476 rip
915 3404 1020 3477 Δρούσῳ
1039 3405 1134 3476 τυχεῖν.

315 3491 836 3563 2)ιίικ1111111))111.Π,ο.ΠΙ13.

315 3578 337 3649 ³)
357 3578 386 3634 oi
409 3579 564 3636 Mommsen
581 3597 627 3636 res
646 3597 672 3650 g.
691 3580 717 3638 d.
735 3581 808 3654 Aug.
827 3597 854 3650 p.
876 3582 936 3636 129.

314 3667 337 3736 ⁴)
357 3667 428 3722 hanc
456 3668 619 3724 ovationem
639 3670 696 3724 iam
718 3671 915 3739 praeparatam
941 3685 977 3723 ne
1000 3669 1128 3738 duceret,
1156 3685 1180 3724 a.
1204 3671 1220 3723 9
1245 3685 1270 3724 a.
1295 3665 1364 3724 Chr.

243 3759 421 3825 praematura
439 3773 514 3812 mors
531 3757 675 3828 prohibuit
692 3757 757 3826 (Dio
776 3757 833 3828 LV,
851 3757 888 3828 2).

315 3843 338 3917 ⁶)
357 3844 455 3900 oonsul
472 3844 528 3900 inii
541 3860 565 3906 a.
585 3848 601 3900 9
621 3862 644 3902 a.
665 3844 731 3902 Chr.
971 3883 974 3890 ·

315 3932 337 4002 ⁰)
357 3932 391 3991 ei,
409 3933 543 4002 Borghes.
563 3948 633 4003 opp.
645 3931 697 4003 111,
715 3948 743 4003 p.
761 3935 822 3989 318.
841 3935 901 3989 323.
921 3932 953 3994 V.
971 3951 1000 4003 p.
1020 3937 1081 3990 312.
1100 3933 1146 4004 Vl,
1168 3937 1209 3989 11.

315 4022 337 4092 ⁷)
356 4021 482 4092 pontifex
500 4022 658 4093 appellatur
680 4022 710 4076 in
734 4023 803 4077 actis
822 4021 855 4078 fr.
873 4022 941 4082 Aru.
965 4024 1032 4078 anni
1052 4026 1085 4077 14
1102 4039 1130 4092 p.
1150 4021 1216 4080 Chr.
1235 4020 1365 4090 (Hermen

244 4109 349 4169 11111.
369 4110 436 4167 Aru.
455 4127 483 4181 p.
502 4109 610 4180 XXIX).
