2984 4852
698 427 916 489 ..52-

247 634 353 710 sentio:
375 645 550 706 magnopere
571 635 727 694 cavendum
743 640 796 712 est,
821 651 856 692 ne
877 635 1053 693 hariolemur
1066 637 1156 694 verba
1173 631 1225 695 ille
1239 638 1362 698 fortasse

177 737 178 740 ’
247 731 301 788 hoc
330 731 394 788 loce
417 724 542 803 'proprio
573 748 658 790 sensu
694 748 752 789 non
782 748 844 789 esse
875 736 1022 803 usurpata.
1065 733 1154 790 Immo
1185 734 1290 792 nodum
1319 738 1364 794 ita

247 827 410 898 expediam,
441 832 474 885 ut
500 831 626 886 statuam
647 826 778 886 Silanum
805 843 841 885 ea
865 833 949 900 parte
976 830 1058 897 enni,
1091 847 1148 900 qua
1177 832 1364 905 triumphalia
1414 906 1416 914 .

246 924 368 996 adeptus
382 926 429 993 sit,
451 924 528 982 haud
542 925 629 982 dubie
643 924 766 982 testibus
780 925 876 982 Dione
893 929 923 982 et
937 926 1072 984 Suetonio
1088 927 1211 984 nondum
1226 931 1363 1001 puberem

194 1093 195 1096 Ἴ
245 1021 333 1078 fuisse
365 1037 457 1092 neque
482 1026 579 1093 togam
607 1021 719 1079 virilem
743 1019 939 1097 sumpsisse¹),
973 1021 1023 1079 sed
1048 1022 1189 1081 decimum
1210 1025 1362 1097 septimum

246 1118 352 1176 aetatis
377 1135 482 1175 annum
504 1119 605 1176 -sio
630 1119 660 1175 in
685 1119 769 1175 titulo
796 1134 860 1175 cum
885 1119 1064 1176 Mommseno
1097 1121 1298 1193 corrigendum
1324 1157 1360 1164 -

246 1216 347 1286 egisse.
389 1215 475 1272 Inde
501 1214 670 1286 sequitur,
704 1219 741 1272 ut
761 1215 828 1272 Die
854 1216 889 1272 iu
916 1216 1014 1273 fonte
1036 1217 1167 1286 latino,
1200 1233 1264 1289 quo
1286 1219 1362 1276 sine

246 1310 351 1369 dubio
376 1327 457 1369 usus
483 1308 582 1385 est2),
614 1327 794 1369 numerum
815 1312 841 1370 V
867 1328 927 1384 pro
953 1329 1038 1370 vera
1062 1314 1244 1384 scriptura
1264 1314 1289 1370 X
1309 1317 1362 1372 in·

245 1407 379 1464 venerit
410 1412 470 1464 aut
501 1423 677 1464 numerum
701 1407 733 1464 X
756 1408 805 1464 ibi
837 1410 1069 1479 neglegenter
1094 1411 1266 1483 scriptum
1298 1428 1361 1483 pro

245 1519 386 1561 numero
417 1503 445 1562 V
476 1504 657 1576 habuerit,
689 1504 720 1561 id
741 1505 815 1575 quod
845 1504 982 1562 facillime
1008 1505 1072 1563 fieri
1103 1506 1235 1581 potuit.³)
1276 1507 1361 1581 Quod

245 1601 270 1658 si
294 1617 394 1660 verum
419 1606 476 1668 est,
509 1619 533 1659 e.
558 1603 596 1660 28
623 1607 709 1658 natus
734 1606 764 1658 et
790 1602 901 1660 iuvenis
927 1602 1031 1674 viginti
1057 1619 1197 1661 annorum
1222 1610 1361 1675 praetura

245 1714 270 1758 a.
291 1699 330 1756 48
350 1698 382 1755 X
403 1698 485 1756 annis
506 1703 572 1756 ante
594 1700 700 1756 iustum
726 1704 838 1772 tempus
858 1698 974 1756 functus
1003 1701 1042 1757 sit
1062 1716 1178 1758 necesse
1198 1705 1255 1772 est,
1288 1717 1362 1772 quae

245 1795 410 1852 coniectura
430 1811 488 1852 nen
507 1810 608 1866 parum
629 1811 662 1852 eo
682 1795 905 1864 commendetur,
929 1796 1007 1866 quod
1029 1812 1090 1854 cum
1112 1813 1194 1855 usum
1207 1799 1360 1856 uerborum

243 1891 363 1948 istorum
384 1892 530 1963 proprium
551 1896 611 1948 tum
631 1891 847 1964 inscriptionem
868 1893 996 1964 respicit.

323 1987 450 2046 Decreta
474 1988 502 2045 ei
526 1993 592 2046 sunt
616 1989 802 2062 triumphalia
827 1993 859 2046 ut
884 1990 983 2047 comiti
1003 1987 1122 2047 Claudii
1147 1989 1179 2046 in
1204 1990 1360 2049 Britannia

243 2086 318 2144 haud
339 2085 432 2156 dubie,
453 2084 528 2142 unde
550 2102 568 2142 a
589 2102 688 2143 secero
701 2085 825 2144 Romam
844 2086 977 2144 redeunti
998 2087 1117 2144 nuntius
1137 2087 1279 2145 victoriae
1299 2105 1361 2145 una

244 2199 308 2240 cum
328 2183 431 2254 Magne
452 2182 626 2254 praemissus
647 2187 692 2240 est
712 2181 785 2257 (Dio
806 2183 871 2250 LX,
895 2182 956 2258 21),
984 2187 1086 2255 postea
1107 2188 1229 2254 utroque
1249 2200 1358 2255 genero

244 2279 380 2336 subnixus
400 2280 559 2351 imperator
583 2278 758 2350 Capitolium
777 2296 850 2350 genu
874 2278 1006 2336 ascendit
1025 2278 1068 2353 (ib
1091 2277 1154 2353 23).

322 2375 358 2432 L.
380 2375 481 2434 lunius
502 2374 614 2432 Silanus
628 2373 800 2444 Torquatus,
823 2376 947 2447 abnepos
968 2372 1093 2447 Augusti
1115 2373 1232 2450 (Senec.
1246 2378 1357 2449 apocol.

245 2489 269 2530 c.
292 2471 351 2545 10),
372 2471 448 2528 filius
470 2470 510 2530 M.
533 2470 624 2527 Silam
645 2471 769 2528 consulis
791 2488 816 2528 a.
836 2472 880 2542 19,
903 2470 996 2528 frater
1017 2471 1111 2528 Marci
1132 2473 1256 2530 consulis
1278 2489 1303 2530 a.
1320 2475 1359 2532 46

245 2568 327 2642 (Tac.
343 2583 408 2627 ann.
423 2567 506 2636 XHI,
525 2567 563 2640 l),
585 2581 674 2637 gener
689 2565 804 2624 Claudii
819 2566 980 2625 destinatus
994 2571 1039 2624 est
1054 2583 1080 2624 a.
1096 2568 1131 2624 41
1150 2565 1222 2641 (01ο
1236 2568 1300 2639 LX,
1316 2571 1357 2644 5),

245 2682 298 2736 quo
318 2666 477 2737 imperator
497 2663 524 2721 ei
545 2663 696 2735 despondit
717 2662 876 2735 Octaviam,
897 2663 988 2721 filiam
1008 2664 1148 2721 minorem
1171 2664 1248 2722 haud
1267 2666 1355 2724 dubie

243 2757 419 2835 infantem.⁴)
460 2759 618 2833 Reperitur
643 2761 720 2818 inter
744 2760 873 2819 Arvales
899 2761 1035 2836 (Henzen
1060 2765 1115 2819 act.
1138 2761 1208 2821 Aru.
1234 2779 1262 2835 p.
1284 2763 1360 2839 LV),
1461 2835 1464 2838 ,

244 2858 348 2917 flamen
372 2858 429 2915 fuit
453 2859 585 2916 Julianus
612 2856 657 2928 (C.
689 2859 714 2916 I.
746 2860 807 2916 Att.
839 2859 897 2928 ffl,
920 2859 992 2934 612)
1000 2859 1038 2933 5),
1080 2858 1186 2917 flamen
1213 2859 1357 2932 Augusta-

314 3009 338 3076 ¹)
352 3005 385 3061 ci.
394 3005 570 3077 Marquardt:
583 3005 760 3060 Privatleben
773 3005 822 3060 der
834 3005 937 3060 Romen
948 3005 962 3060 I
975 3004 1080 3077 (Leipz.
1097 3009 1178 3076 1879)
1192 3024 1220 3077 p.
1237 3010 1286 3064 122
1300 3023 1361 3079 sqq.

315 3097 336 3163 ²)
358 3094 486 3150 Cassium
502 3083 621 3149 Dionem
645 3094 690 3148 hic
708 3111 743 3148 ex
760 3093 845 3148 Plinii
868 3093 1008 3161 „historiis
1033 3111 1049 3148 a
1067 3095 1122 3150 fine
1140 3096 1246 3150 Aufidii
1263 3095 1360 3150 Bassi“

246 3184 372 3238 hausisse
390 3184 472 3253 putat
490 3171 644 3239 Guilelmus
664 3180 757 3237 Sickel
780 3181 825 3248 (dc
843 3181 966 3237 fontibus
986 3199 1003 3236 a
1020 3181 1116 3237 Cassio
1137 3182 1227 3238 Dione
1249 3185 1279 3237 in
1298 3199 1362 3238 con-

245 3272 396 3328 scribendis
424 3271 507 3326 rebus
535 3270 600 3325 inde
629 3285 646 3323 a
673 3268 784 3324 Tiberio
811 3285 901 3340 usque
928 3270 964 3325 ad
991 3272 1110 3324 mortem
1141 3270 1247 3325 Vitellii
1274 3271 1361 3339 gestis

245 3360 384 3428 adhibitis,
402 3358 551 3426 Gottingae
572 3359 651 3426 1876)
670 3357 826 3426 1.,35-36,
843 3359 950 3411 41-44
969 3355 1016 3424 (cf.
1036 3355 1108 3412 Alir.
1130 3357 1163 3412 de
1182 3357 1357 3414 Gutschmid:

244 3449 297 3508 litt.
318 3446 469 3502 Centralbl.
489 3448 557 3501 1876
575 3463 602 3516 p.
624 3446 713 3514 1560),
732 3444 843 3499 Tacitum
861 3443 960 3499 Dionis
979 3443 1041 3500 fons
1060 3462 1116 3499 non
1135 3444 1189 3500 fuit
1208 3444 1255 3513 (ci.
1276 3443 1306 3500 C.
1326 3443 1361 3499 A.

245 3535 354 3592 Knabe:
383 3535 416 3590 dc
434 3534 556 3590 fontibus
576 3533 707 3587 historiae
724 3533 924 3602 imperatorum
942 3533 1097 3604 Juliorum,
1121 3534 1189 3588 diss.
1208 3533 1269 3589 Hal.
1292 3535 1361 3588 1864

162 3631 163 3634 ’
245 3643 271 3694 p.
294 3626 328 3680 39
351 3626 418 3694 sq.)‚
446 3623 514 3677 certi
535 3623 581 3676 vix
604 3621 753 3693 quicquam
775 3621 915 3676 enucleari
936 3622 1041 3690 poterit
1064 3621 1187 3688 (Ferdr'n.
1210 3620 1362 3676 Beckurtsz

245 3731 294 3768 aur
315 3710 519 3780 Qucllcnkritilr
545 3710 593 3765 des
618 3709 739 3780 Tacitus,
767 3709 872 3765 Sueten
894 3710 952 3765 und
976 3708 1090 3764 Cassius
1113 3708 1179 3766 Die:
1208 3710 1257 3765 das
1281 3709 1361 3764 Vier-

245 3799 408 3870 kaiserjahr,
425 3799 583 3866 Altenhurg
604 3799 683 3866 1880)
702 3814 730 3867 p.
750 3800 793 3853 70.

316 3888 337 3958 ³)
357 3887 394 3968 cf.
410 3887 474 3942 Tac.
498 3903 562 3942 ann.
581 3887 629 3957 VI,
648 3890 694 3955 11,
722 3887 776 3942 ubi'
792 3903 827 3941 cx
844 3886 998 3956 Nipperdei
1022 3888 1100 3941 certa
1123 3886 1283 3941 coniectura
1308 3902 1361 3954 pro

245 3976 346 4032 tradite
364 3991 480 4030 numero
498 3975 547 4029 XX
568 3974 745 4030 scribendum
763 3977 806 4030 est
824 3974 882 4032 XV.

270 4061 274 4065 ’
315 4066 338 4137 ⁴)
357 4082 382 4120 v.
400 4063 534 4132 Nipperd.
554 4063 597 4122 ad.
618 4062 649 4118 T.
667 4063 702 4120 A.
720 4062 792 4131 XIV,
812 4064 855 4131 64,
874 4064 899 4118 2.
1298 4093 1299 4098 1

316 4153 338 4221 5)
358 4169 441 4225 quem
458 4152 571 4207 titulum
582 4151 752 4221 Borghesius
771 4153 846 4219 (ann.
864 4152 929 4207 inst.
949 4153 1017 4205 1849
1036 4167 1063 4220 p.
1077 4152 1111 4206 39
1131 4166 1173 4220 sq.
1193 4176 1227 4194 =
1245 4165 1310 4219 opp.
1326 4149 1361 4219 V,
