2984 4852
667 411 710 423 ..
757 375 887 438 24.-

303 587 389 646 Hanc
410 587 526 645 Lentuli
546 585 696 647 victoriam
710 586 926 660 Nipperdeius¹)
947 585 1053 651 collato
1073 585 1167 643 Dione
1184 586 1265 658 LIV,
1290 587 1342 656 36,

222 683 271 742 ubi
300 685 419 743 Lentuli
449 700 485 742 111
515 700 572 742 nno
604 684 717 756 quidem
741 684 829 743 verbo
853 685 1026 744 mentionem
1051 682 1134 754 facit,
1168 682 1204 740 'ad
1231 699 1342 741 annum

224 783 260 838 10
285 797 314 852 a.
334 781 401 839 (lbr.
430 781 552 839 rettulit.
594 779 777 839 Probabilius
796 779 1014 854 Mommsenus²)
1040 779 1195 838 coniecisse
1220 780 1342 839 videtur

222 877 434 950 expeditionem
447 878 570 950 primam
583 878 664 935 illam
677 879 870 935 Romanorum
890 876 1163 935 transdanuvianam
1176 894 1194 934 a
1208 877 1339 936 Lentulo

221 971 328 1032 factam
359 990 421 1032 esse
446 991 472 1032 a.
495 975 512 1032 6
534 993 561 1047 p.
586 974 667 1047 Chr„
701 992 756 1047 qno
782 991 856 1032 anno
882 979 957 1032 teste
976 973 1072 1032 Dione
1098 973 1173 1048 (LV,
1195 974 1248 1048 30)
1275 978 1339 1030 tam

226 1069 301 1128 Daci
324 1088 408 1142 quam
430 1070 580 1130 Sarmatae
594 1070 734 1130 Moesiam
753 1072 936 1144 infestarunt,
957 1087 1023 1129 nam
1037 1075 1186 1142 utrumqne
1200 1071 1340 1143 populum

223 1166 274 1241 (cf.
290 1167 371 1227 Flor.
386 1169 406 1228 l.
420 1167 453 1243 l.)
466 1169 606 1227 Lentulus
619 1169 699 1229 vicit.
742 1170 842 1240 Neque
855 1185 923 1226 vero
944 1185 1033 1241 penes
1052 1184 1104 1225 nos
1124 1172 1170 1226 est
1183 1169 1340 1239 quicquam

220 1263 354 1335 probare,
380 1266 448 1336 qma
468 1283 503 1323 ne
524 1266 580 1338 hoc
601 1265 713 1337 quidem
733 1265 837 1324 Dionis
855 1265 918 1324 loco
939 1264 1059 1324 Lentuli
1078 1263 1112 1322 fit
1131 1266 1248 1324 mentio.

206 1417 211 1424 .
299 1360 377 1419 lllud
397 1362 475 1420 band
496 1362 620 1431 dubium,
642 1363 757 1434 quina.
780 1365 816 1422 18
830 1380 856 1422 a.
872 1361 937 1422 Chr.
959 1361 1053 1420 fasces
1067 1359 1218 1436 gesserim)
1237 1363 1274 1421 A.
1298 1364 1338 1420 14

215 1474 244 1529 p.
268 1456 334 1516 Chr.
357 1475 413 1516 una
434 1475 497 1516 cum
516 1459 613 1517 Druso
634 1459 710 1532 apud
730 1459 856 1532 legiones
870 1459 1080 1517 Pannoniarum
1101 1458 1250 1517 seditiosas
1271 1476 1336 1517 ver·

216 1558 305 1624 satur,
329 1561 428 1614 aetate
449 1560 479 1613 et
500 1555 593 1628 gloria
612 1557 682 1614 belli
700 1556 831 1628 insignis.
874 1555 956 1630 (Tac.
977 1573 1042 1613 ann.
1064 1555 1088 1626 I,
1112 1556 1173 1630 27),
1196 1572 1223 1614 a.
1246 1556 1282 1612 16
1304 1573 1336 1628 p.

215 1649 283 1708 Ohr.
307 1657 414 1722 censet,
439 1669 475 1710 ne
501 1653 565 1723 quis
585 1653 708 1726 amplius
728 1653 893 1711 Scribonius
914 1667 1071 1724 cognomen
1090 1650 1181 1709 Drusi
1207 1657 1337 1710 assumat

218 1748 299 1822 (Tac.
316 1765 380 1806 ann.
396 1748 435 1818 II,
451 1748 514 1824 32),
536 1767 562 1808 a.
584 1750 632 1820 22,
653 1754 686 1806 ut
700 1748 798 1808 Silano
812 1753 943 1807 materna
956 1749 1070 1820 quidem
1085 1749 1160 1806 bona
1173 1749 1337 1807 reddantur

218 1842 268 1919 (ib.
290 1843 341 1916 ΙΙΙ,
365 1845 426 1920 68),
449 1862 474 1902 1.
500 1847 547 1904 241
559 1845 700 1903 Lentulus
721 1850 866 1905 extremae
879 1847 1034 1905 senectutis
1054 1845 1128 1904 falsa
1149 1845 1336 1904 accusatione

217 1941 353 1999 eximitur
372 1941 422 2017 (ib.
443 1941 498 2015 IV,
524 1941 585 2017 29),
617 1944 748 2015 sequenti
778 1959 852 2001 anno
884 1943 959 2003 diem
990 1943 1051 2001 obit
1075 1942 1252 2016 grandaevus
1279 1943 1334 2018 (ib.

215 2036 268 2108 IV,
289 2040 350 2110 44).

294 2135 311 2211 ξ
335 2138 380 2194 10.
418 2137 489 2196 Jam
511 2137 647 2196 transitus
667 2136 718 2195 fiat
738 2138 776 2196 ad
796 2154 853 2204 eos,
876 2138 932 2209 qni
952 2136 1045 2196 bello
1067 2137 1271 2196 Pannonico
1294 2155 1338 2196 ac

213 2232 419 2293 Dalmatico
442 2234 482 2309 (a.
507 2236 583 2293 6-9
605 2252 632 2308 p.
651 2227 737 2308 ’0111)
762 2235 950 2308 triumphalia
969 2241 1036 2293 sunt
1056 2235 1193 2307 adsecuti,
1216 2251 1250 2292 ac
1271 2235 1335 2307 pri-

214 2344 291 2386 mum
318 2330 433 2401 quidem
454 2347 676 2390 commemorare
706 2333 804 2404 placet
834 2331 928 2389 locum
948 2330 1078 2390 Suetonii
1099 2331 1178 2407 (Tib.
1201 2331 1261 2405 20),
1283 2331 1334 2392 ubi

215 2424 362 2484 Tiberium
382 2428 567 2499 triumphum,
600 2445 683 2500 quem
707 2434 826 2502 propter
850 2429 960 2487 cladem
983 2429 1139 2487 Varianam
1170 2428 1334 2498 distulerat,

215 2528 349 2593 agentem
370 2531 538 2596 prosecutos
559 2538 621 2584 esse
641 2526 734 2584 tradit
761 2527 894 2599 „legatos
915 2527 1017 2598 quibus
1036 2525 1226 2598 triumphalia
1247 2543 1335 2584 orna·

218 2625 316 2677 menta
329 2620 531 2693 impetrarat“.
568 2621 633 2691 Sed,
648 2624 814 2696 priusquam
828 2623 951 2681 adhaec
965 2623 1143 2691 accedamus,
1165 2622 1334 2680 dirimamus

215 2732 331 2775 necesse
361 2722 406 2776 est
436 2719 558 2778 alteram
588 2721 785 2790 quaestionem
815 2721 928 2792 saepius
958 2721 1018 2778 iam
1042 2737 1060 2778 a
1084 2720 1155 2778 viris
1182 2719 1274 2778 doctis
1303 2721 1335 2778 in

213 2818 364 2886 utramque
394 2820 507 2888 partem
537 2821 704 2889 tractatam,
737 2835 800 2876 eam
832 2817 896 2876 dico
928 2817 1137 2889 quaestionem,
1169 2833 1225 2887 quo
1255 2833 1333 2876 anno

214 2910 322 2969 bellum
343 2912 538 2972 Pannonicum
568 2913 726 2973 confectum
757 2932 793 2974 ao
816 2932 914 2988 pugna
938 2916 989 2973 illa
1014 2915 1173 2974 clarissima
1198 2916 1229 2972 in
1254 2916 1335 2973 saltu

214 3005 457 3082 Teutoburgiensi
478 3012 629 3070 commissa
646 3013 692 3071 sit.

294 3104 333 3166 A.
356 3110 373 3166 9
395 3125 425 3180 p.
449 3107 515 3167 Chr.
536 3109 687 3167 victoriam
700 3110 780 3168 illam
795 3109 955 3169 Germanos
976 3109 1146 3168 aRomanis
1166 3113 1334 3180 reportasse

213 3203 360 3273 superiore
374 3204 462 3262 etiam
476 3206 590 3263 saeculo
604 3221 687 3264 nemo
701 3222 758 3264 non
772 3207 901 3279 putabat,
924 3205 1014 3264 donec
1027 3205 1135 3278 primus
1148 3201 1332 3281 Reimarus⁴)

214 3300 364 3372 scrupulos
389 3302 480 3360 movit
509 3319 632 3375 pugnam
652 3320 679 3361 a.
704 3305 740 3362 10
772 3303 950 3361 commissam
981 3319 1043 3362 esse
1072 3307 1162 3375 ratus,
1194 3301 1225 3360 id
1256 3303 1334 3374 quod

285 3538 305 3606 ¹)
326 3537 401 3592 idem
420 3537 505 3592 sentit
524 3536 692 3606 Borghesius
711 3554 774 3608 opp.
793 3538 826 3609 V,
843 3556 870 3608 p.
890 3541 950 3595 301.

286 3626 308 3694 ²)
327 3641 373 3680 res
394 3627 462 3694 gest.
482 3619 508 3680 d.
527 3625 600 3694 Aug.
617 3643 645 3695 p.
666 3627 714 3680 131
735 3642 776 3697 sq.

285 3712 306 3782 ³)
329 3712 449 3769 Seoerno
469 3714 542 3769 hunc
561 3730 624 3769 eum
641 3713 810 3784 Nipperdeio
831 3714 877 3783 (ad
895 3715 925 3771 T.
942 3715 977 3773 A.
996 3714 1019 3785 Ι,
1038 3718 1082 3784 27)
1103 3731 1126 3772 a.
1141 3714 1190 3773 On.
1210 3715 1332 3771 Lentulo

213 3816 327 3872 angerro,
347 3817 431 3872 quem
449 3817 466 3855 1
485 3802 581 3857 Tacito
599 3803 737 3857 nominari
754 3819 811 3858 non
828 3803 952 3873 potuisse
970 3803 1025 3858 nisi
1042 3802 1263 3873 angmisaddito
1284 3821 1332 3860 vo-

212 3889 312 3945 cabulo
330 3905 496 3959 persuasum
514 3890 611 3946 habeo.
648 3889 681 3947 cf.
701 3890 889 3947 111111111111
908 3893 977 3960 gest.
997 3908 1023 3960 p.
1044 3895 1093 3947 131
1114 3891 1176 3948 adn.
1198 3895 1221 3946 1.

283 3980 305 4048 ¹)
323 3978 358 4034 In
376 3979 496 4035 editione
514 3978 612 4034 Dionis
632 3978 721 4035 Cassii
739 3981 901 4050 (libo-bl)
922 3981 957 4036 ad
974 3980 1036 4036 libr.
1054 3979 1126 4051 LVI,
1144 3997 1166 4039 1.
1189 3982 1230 4035 18.
