2984 4852
445 1271 747 1368 PARTICULA
777 1272 946 1368 PRIOR.

626 1498 711 1604 Gap.
740 1497 768 1578 I.

255 1666 309 1738 De
337 1663 480 1756 origine
509 1667 819 1738 ornamentorum
852 1661 1149 1756 triumphalium.

219 1837 371 1896 Prioribus
391 1835 574 1910 principatus
588 1837 670 1894 annis
683 1834 832 1910 Augustus
854 1837 1017 1910 triumphos
1038 1837 1064 1896 si
1077 1852 1136 1894 uon
1156 1836 1261 1908 legatis
1363 1883 1364 1888 ,

140 1941 289 2006 tamquam
311 1934 438 2006 propriIs
459 1933 595 2006 auspiciis
609 1934 774 1992 carentibus
796 1933 848 2008 (cf.
863 1933 939 1994 Vell.
962 1934 1003 2004 II,
1027 1934 1109 2008 115),
1131 1938 1163 1991 at
1183 1937 1262 1990 certe
1377 2005 1379 2012 Ι

141 2031 362 2105 proconsulibus
383 2031 585 2090 liberalissime
607 2032 747 2089 concessit
768 2030 841 2105 (Dio
856 2029 935 2090 Cass.
950 2030 1030 2098 LIV,
1055 2030 1117 2106 12).
1158 2022 1262 2102 Itaque

142 2127 173 2184 in
197 2125 272 2184 actis
292 2126 501 2198 triumphorum
515 2124 691 2198 Capitolinis
710 2125 757 2202 (0.
772 2128 796 2186 Ι.
812 2128 846 2186 L.
868 2128 890 2201 I,
905 2145 934 2200 p.
949 2127 1022 2204 461)
1043 2132 1109 2202 post
1122 2129 1262 2202 proellum

144 2223 299 2282 Actiacum
323 2224 360 2281 ad
381 2239 486 2294 annum
509 2225 545 2284 19
568 2241 593 2282 a.
610 2225 676 2283 Chr.
699 2230 810 2298 septem
825 2225 986 2300 triumphos
1007 2245 1026 2286 a
1045 2225 1263 2300 proconsulibus
1303 2297 1307 2304 ι

141 2325 222 2379 actos
245 2319 416 2381 invenimus.
455 2321 528 2380 Post
548 2323 724 2396 triumphum
745 2324 914 2383 acornelio
928 2324 1022 2383 Balbo
1043 2341 1069 2382 a.
1093 2325 1130 2383 19
1152 2341 1180 2384 a.
1195 2324 1261 2382 Chr.

141 2434 177 2475 ex
202 2417 309 2476 Africa
335 2419 452 2478 ductum
477 2421 507 2478 in
534 2422 608 2479 actis
635 2421 806 2494 Capitolinis
831 2422 1043 2496 triumphorum
1067 2423 1165 2496 paullo
1196 2427 1288 2502 post¹

141 2534 167 2575 a.
192 2515 229 2574 12
250 2532 276 2574 a.
305 2515 400 2593 Cbr.¹)
433 2519 562 2577 exaratis
594 2535 686 2591 neque
717 2521 859 2580 orationis
889 2536 982 2592 neque
1011 2519 1152 2592 triumphi
1176 2519 1263 2577 ullius

141 2618 239 2672 exstat
259 2615 421 2688 vestigium,
443 2617 521 2688 quia,
543 2633 616 2689 quae
637 2618 776 2690 sequitur,
799 2619 894 2678 ovatio
914 2635 989 2677 anno
1011 2618 1124 2677 demum
1145 2633 1171 2676 a.
1193 2615 1262 2675 Obr.

141 2727 216 2770 nono
238 2729 257 2771 a
277 2711 395 2772 'liberio
416 2713 487 2788 (Dio
500 2713 564 2786 LV,
587 2713 620 2790 2)
642 2720 708 2773 acta
729 2721 782 2775 cst.
824 2714 961 2789 Agrippa
974 2716 1058 2788 enim,
1081 2715 1263 2788 praepositus

141 2809 311 2881 Hispaniae,
332 2811 512 2884 triumphum
532 2829 559 2870 a.
585 2814 621 2871 19
643 2828 668 2871 a.
691 2811 759 2870 Chr.
781 2816 898 2871 auctore
918 2812 1056 2883 Augusto
1078 2811 1115 2870 ob
1136 2811 1264 2870 devictos

142 2905 305 2966 Cantabros
332 2907 478 2966 decretum
499 2913 576 2967 teste
595 2908 691 2967 Dione
717 2909 794 2981 LIV,
824 2911 869 2967 ll.
899 2909 944 2967 12.
971 2906 1161 2990 repudiarit¹)
1187 2909 1264 2966 baud

142 3019 223 3062 secus
238 3009 325 3075 atque
337 3021 411 3063 anno
426 3007 463 3062 14
474 3021 499 3062 a.
509 3004 586 3075 Chr,
602 3021 666 3064 cum
680 3005 850 3063 seditionem
862 3005 1063 3078 Bosporan'am
1077 3005 1265 3079 oppressisset
1348 3055 1351 3060 .

145 3095 220 3178 (Dio
234 3101 313 3170 LIV,
336 3099 397 3175 24).
439 3101 543 3174 Itaque
565 3117 661 3160 omncs
675 3102 770 3172 duces,
792 3104 895 3175 quibus
913 3107 989 3163 esset
1001 3103 1047 3160 ius
1059 3103 1264 3178 triumphandi,
1372 3105 1373 3108 ’

142 3203 304 3274 exemplum
335 3201 428 3259 secuti
454 3200 601 3275 Agrippae
631 3216 724 3272 neque
755 3201 793 3260 ad
823 3205 955 3260 senatum
987 3200 1023 3260 de
1057 3201 1144 3262 rebus
1174 3204 1265 3276 gestIs

216 3385 236 3454 ¹)
263 3383 340 3440 Haec
367 3385 444 3439 certa
472 3386 515 3440 est
541 3383 722 3440 Hirschfeldii
750 3385 911 3442 coniectura
938 3386 1066 3456 (Hermes
1095 3387 1142 3460 IX,
1170 3387 1264 3460 (1875)

145 3489 172 3542 p.
186 3474 220 3528 93
239 3489 300 3544 sqq.
319 3472 359 3529 XI
377 3470 471 3544 (1876)
491 3490 518 3544 p.
540 3475 590 3529 154
609 3474 915 3546 sqq.),aM01nmsen0
934 3477 1053 3545 probata
1071 3475 1199 3545 (Hermes
1218 3478 1266 3550 IX,

145 3576 172 3631 p.
192 3563 243 3616 267
264 3563 345 3633 sqq).

216 3652 238 3720 ²)
256 3649 333 3705 idem
349 3651 405 3705 iam
424 3668 449 3706 a.
470 3654 503 3708 37
523 3651 629 3707 fecerat
647 3651 711 3720 (Dio
729 3650 854 3723 XLVIII,
872 3654 929 3724 49),
947 3652 992 3708 bic
1011 3643 1124 3724 quidem
1141 3654 1263 3724 impunc.

145 3736 250 3795 Contra
273 3739 378 3795 liberae
401 3739 572 3809 reipublicae
596 3741 768 3812 temporibus
798 3740 847 3798 Gn.
866 3740 982 3796 Fulvius
1004 3741 1123 3798 Flaccus
1146 3744 1266 3800 eundem

147 3827 282 3884 honorem
294 3845 311 3882 a
325 3830 424 3884 senatu
437 3829 580 3885 decretum
591 3830 739 3900 repudiare
751 3847 836 3886 ausus
849 3831 1012 3903 quaestione
1021 3832 1134 3902 publicu
1147 3830 1265 3888 afflictus

148 3918 177 3971 et
195 3917 278 3973 exilio
296 3917 431 3974 multatus
452 3920 496 3973 est
514 3918 617 3987 (Valet.
635 3919 707 3978 Max.
726 3919 763 3988 H,
782 3923 808 3991 8,
826 3922 863 3990 3).
901 3919 1054 3990 Triumpho
1074 3921 1148 3976 enim
1166 3921 1266 3977 Iovem

144 4006 198 4061 coli
226 4007 386 4063 memineris
414 4006 493 4076 (Tac.
516 4007 580 4063 llist
604 4008 658 4078 IV,
677 4011 731 4078 58).
767 4009 856 4080 Ergo,
885 4011 933 4080 qui
960 4009 1133 4080 triumphum
1159 4010 1267 4078 spernit

145 4093 258 4151 inanem
280 4096 314 4153 ob
334 4112 454 4165 causam,
474 4095 590 4154 offendit
608 4098 697 4155 deum.

1078 4187 1108 4240 1*
