2984 4852
615 390 834 454 ..59-

166 597 378 668 tragoediarum
399 597 559 672 scriptor),
587 597 709 672 666661)
730 597 791 672 suff.
817 600 954 669 666144,
986 615 1078 670 quem,
1112 617 1175 658 cnm
1196 618 1222 659 6.
1246 604 1282 660 31

167 698 287 766 propter
312 693 469 751 amicitiam
488 690 571 752 Aelii
590 693 679 765 Oalli,
711 693 765 752 lilii
785 693 893 764 Seiani,
924 701 1075 755 accusatus
1100 697 1137 754 ad
1163 704 1285 756 mortem

167 805 256 860 nsque
271 790 382 848 Tiberii
403 791 434 847 in
454 790 584 848 custodia
604 789 735 848 retentus
756 795 832 848 esset
854 790 938 865 (Tac.
961 807 1026 866 ann.
1041 792 1076 863 V,
1098 795 1126 850 8.
1148 795 1198 863 VI,
1223 794 1283 869 18),

167 886 277 944 aOalo
309 887 423 944 demum
454 886 605 944 demissum
636 902 698 944 6666
730 903 757 945 6.
780 887 817 944 37
839 888 898 944 Dio
930 887 1021 962 (LIX,
1052 888 1084 963 6)
1117 896 1148 947 et
1167 890 1286 948 Tacitus

168 983 245 1058 (ann.
266 982 304 1049 V,
327 983 358 1055 8)
380 983 508 1041 tradunt.
544 984 667 1056 Accepit
687 983 777 1056 igitur
796 985 984 1056 triumphalia
997 987 1032 1042 cb
1047 987 1144 1044 hostes
1159 987 1285 1044 devictos

167 1096 265 1150 neque·
278 1084 426 1137 auctorem
447 1085 563 1138 senatus
590 1081 713 1138 consulti
733 1069 938 1153 imperatorem
959 1083 1102 1140 exstitisse
1128 1099 1178 1140 cur
1203 1087 1285 1154 pute-

167 1193 230 1234 mus
245 1193 358 1234 causam
372 1176 467 1243 video,
489 1193 659 1248 quamquam
678 1189 714 1234 ne
732 1178 908 1235 contrarium
921 1179 1036 1249 quidem
1048 1179 1166 1250 probari
1179 1184 1284 1250 potest.

247 1273 312 1348 §B
348 1275 451 1331 Restat
471 1274 503 1334 P.
525 1274 692 1332 Ostorius
718 1272 878 1346 Scapula.

247 1370 377 1441 Quique
399 1387 473 1428 anno
493 1371 678 1443 triumphalia
703 1370 825 1443 adeptus
846 1372 893 1443 sit,
921 1389 936 1429 6
958 1373 1053 1429 Taciti
1073 1372 1137 1430 loco
1162 1372 1285 1442 quodam

168 1467 271 1524 elicere
285 1484 441 1539 possumus.
478 1467 616 1526 Testatur
631 1467 706 1525 enim
727 1467 805 1542 (ann.
821 1469 886 1538 XII,
910 1467 1042 1542 31-40)
1063 1469 1094 1525 iu
1107 1468 1285 1539 digressione

167 1565 328 1622 narrationi
358 1565 475 1635 inserta,
507 1565 557 1622 ubi
583 1565 618 1622 de
643 1564 731 1622 rebus
751 1565 928 1622 Britannicis
959 1565 1023 1636 agit
1054 1565 1105 1639 (ib.
1128 1565 1195 1629 XII,
1223 1563 1284 1638 38),

166 1660 281 1718 Ostorio
302 1661 441 1733 triumphi
461 1661 584 1732 insignia
609 1677 695 1720 censa
716 1677 778 1719 esse
798 1662 943 1733 prosperis
964 1662 1002 1719 ad
1022 1662 1053 1718 id
1073 1662 1167 1720 rebus.
1208 1661 1284 1722 Nam

167 1756 353 1828 Caratacum,
385 1757 485 1826 ducem
515 1757 738 1826 Britannorum,
776 1763 893 1829 ceperat
923 1775 996 1816 nono
1028 1775 1103 1816 anno
1134 1763 1285 1830 postquam

166 1854 274 1911 bellum
287 1854 317 1910 in
331 1853 483 1911 Britannia
497 1859 628 1927 coeptum
642 1859 695 1913 est.
712 1856 834 1924 itaque,
856 1870 921 1911 cum
934 1858 1009 1912 teste
1022 1855 1120 1913 Dione
1138 1855 1216 1930 (LX,
1234 1856 1283 1928 19)

166 1949 273 2006 bellum
298 1966 321 2006 a.
345 1950 383 2006 43
416 1953 547 2007 exortum
568 1950 615 2019 sit,
646 1955 726 2008 reete
756 1951 814 2007 iam
835 1949 980 2025 Wexius³)
1013 1956 1043 2009 et
1062 1947 1283 2026 Nipperdeius)

167 2049 332 2103 statuerunt
361 2045 535 2104 Caratacum
566 2063 592 2104 6.
625 2048 656 2103 61
694 2051 808 2118 captum
839 2063 911 2116 6666,
942 2063 1016 2118 quae
1047 2049 1143 2120 opimo
1175 2049 1285 2106 duabus

167 2143 261 2199 causis
282 2142 443 2200 certissima
462 2140 508 2199 fit:
541 2143 673 2215 primum,
706 2143 782 2214 quod
806 2143 877 2200 haec
899 2144 1005 2215 optime
1026 2145 1201 2202 conveniunt
1221 2161 1285 2202 cum

167 2239 211 2305 iis,
233 2255 305 2309 quae
326 2235 482 2313 Violetus⁵)
508 2241 543 2297 de
564 2256 617 2297 666
638 2240 826 2298 numeralium
848 2240 1022 2298 ordinalium
1042 2241 1162 2299 Taciteo
1184 2243 1284 2313 expla-

167 2336 257 2406 navit,
290 2335 401 2406 deinde,
434 2336 511 2406 quod
542 2353 626 2394 arcus
659 2332 866 2411 triumphalis)
890 2337 1010 2396 Claudio
1032 2353 1089 2395 cos.
1111 2337 1140 2397 V
1161 2339 1201 2414 (6.
1223 2339 1284 2412 61),

150 2432 231 2488 trib.
254 2438 313 2504 pot.
335 2433 381 2490 XI
402 2431 444 2507 (a.
467 2433 598 2507 51-52)
621 2436 657 2490 ob
678 2433 804 2492 devictos
825 2419 888 2492 sine
908 2435 969 2492 ulla
988 2435 1102 2492 iactura
1122 2452 1203 2507 reges
1218 2435 1285 2492 Bri·

166 2528 281 2586 tanniae
311 2529 442 2604 unclecim
474 2533 637 2587 exstructus
663 2534 707 2587 est
733 2530 888 2588 secundum
919 2531 1136 2604 inscriptionem
1160 2532 1191 2589 in
1216 2548 1285 2590 arcu

167 2630 310 2682 servatam
341 2623 387 2698 (O.
416 2625 438 2684 I.
468 2626 503 2683 L.
535 2624 590 2696 VI,
623 2627 681 2684 920
712 2631 742 2684 et
771 2644 799 2698 p.
822 2626 902 2702 841).
944 2628 1048 2699 Quare,
1079 2629 1105 2686 61
1124 2625 1284 2702 thneri⁷)

168 2721 362 2779 coniecturam
381 2723 560 2780 verissImam
580 2723 672 2780 secuti
692 2723 823 2794 ponimus
844 2729 957 2782 aestate
977 2726 1023 2783 vel
1044 2731 1196 2782 auctumno
1218 2726 1286 2783 anni

169 2818 204 2874 51
231 2850 266 2858 —
288 2835 341 2876 nec
360 2819 417 2876 iam
442 2836 511 2877 vere
533 2851 568 2860 -
591 2821 735 2877 Romanos
757 2819 898 2878 Carataco
924 2823 1034 2892 potItos
1066 2838 1138 2891 esse,
1169 2822 1285 2880 Ostorio

168 2913 309 2986 Scapulae
330 2915 458 2988 principe
479 2916 568 2973 totins
587 2915 659 2973 belli
679 2917 792 2973 sublato
813 2917 875 2974 sine
897 2917 982 2974 dnbio
999 2919 1093 2975 altera
1114 2919 1182 2975 anni
1202 2924 1286 2990 parte

169 3011 254 3068 decus
275 3012 403 3084 contigit.
444 3013 520 3070 Huic
540 3013 701 3070 sententiae
722 3013 837 3070 obstare
857 3013 971 3070 videtur
984 3015 1063 3072 locus
1084 3014 1181 3071 Taciti
1202 3013 1282 3088 (hist.

241 3176 260 3243 ¹)
281 3173 398 3234 61166.
420 3169 578 3244 666.1,8.
605 3175 653 3245 XI,
674 3178 714 3231 13.
741 3174 803 3245 XII,
822 3178 936 3231 97-98.
965 3176 1030 3231 dial.
1050 3179 1091 3232 13.
1120 3176 1192 3233 Plin.
1211 3195 1238 3233 n.
1257 3179 1284 3236 h.

168 3261 229 3331 VH,
247 3265 290 3318 80.
317 3261 394 3333 XIII,
412 3265 455 3319 83.
482 3262 555 3334 XIV,
573 3263 616 3319 56.
644 3264 738 3331 QuInt.
756 3264 790 3334 X,
816 3268 839 3334 1,
863 3266 906 3319 98.
944 3264 1061 3320 Teuffel:
1089 3282 1111 3320 6.
1134 3264 1285 3334 Littgeech.

168 3352 264 3420 6284,
283 3353 308 3406 7.

239 3439 261 3507 ²)
280 3441 356 3493 errat
371 3438 425 3494 Ilio
445 3438 526 3509 (LIX,
544 3441 571 3508 6)
591 3438 621 3497 Ρ.
641 3439 825 3509 Pomponium
843 3457 906 3495 cum
924 3441 1027 3508 QuInto
1045 3439 1141 3510 166166,
1169 3441 1283 3496 consule

168 3525 230 3582 suff.
249 3527 314 3580 anni
331 3530 365 3581 41
387 3526 450 3594 (1116
469 3525 540 3596 LIX,
559 3527 603 3596 29)
623 3526 803 3583 confundens.
831 3545 856 3584 v.
875 3528 931 3584 ind.
950 3528 1021 3583 Pliu.
1040 3546 1067 3598 p.
1086 3531 1148 3584 423.

215 3681 216 3684 Ἴ
238 3613 407 3685 ³)Pr01egg.
426 3615 462 3670 ad
481 3614 544 3670 Tac.
564 3614 632 3684 Agr.
651 3632 678 3684 p.
699 3618 749 3670 186
772 3632 835 3670 cnm
853 3617 915 3672 adn.

237 3703 259 3771 ⁴)
279 3703 315 3757 ad
334 3701 365 3758 T.
383 3703 418 3758 A.
436 3702 498 3773 XII,
517 3705 559 3758 36.

239 3791 261 3857 ⁵)
280 3791 298 3849 l.
317 3790 337 3846 l.
355 3807 382 3860 p.
405 3793 454 3844 177
474 3805 535 3861 sqq.

237 3879 259 3947 ⁸)
280 3879 358 3934 cuius
375 3879 565 3949 inscriptionis
585 3879 705 3934 editores
725 3847 891 3934 Caratacum
912 3897 936 3936 a
957 3882 992 3936 50
1014 3881 1126 3950 captum
1148 3878 1284 3936 1616666-

166 3969 273 4022 notant.
305 3966 339 4023 cf.
357 3967 493 4037 Nipperd.
513 3969 548 4024 ad
567 3968 597 4023 T.
616 3967 653 4024 A.
671 3967 733 4040 XII,
751 3971 794 4025 38.

239 4055 261 4124 ⁷)
281 4054 332 4113 Rh.
351 4055 421 4110 Mus.
439 4054 492 4110 XII
512 4055 604 4124 (1857)
622 4072 650 4125 p.
669 4059 713 4115 47,
740 4055 840 4112 Violet.
859 4055 878 4112 l.
897 4057 915 4112 l.
