2984 4852
617 371 831 435 ..39-

165 578 278 649 quidem
311 579 439 650 reliquos
470 585 589 639 auctora
616 581 792 653 imperatore
819 585 936 641 ornatos
961 599 1032 652 csse,
1059 583 1110 642 sed
1135 583 1283 642 Tiberium

165 675 425 749 Germanicumque
446 678 523 751 apud
536 682 668 737 senatum
688 695 735 736 res
755 679 791 736 ab
812 679 876 737 istis
897 685 993 752 gestas
1012 685 1047 738 ut
1063 681 1284 752 triumphalibus

40 795 45 806 ·
164 775 267 846 dignas
287 774 421 833 laudibus
441 775 484 834 ita
505 777 650 848 extulisse,
672 781 706 834 ut
741 781 878 848 ‚senatus
898 777 1004 835 iudicio
1034 778 1195 850 principum
1216 795 1284 835 oon·

165 872 310 930 sentiens“
331 872 418 948 (Veli.
439 873 479 944 II,
504 875 570 945 115,
584 873 618 949 1)
639 873 828 945 triumphalia
849 873 1019 932 decerneret
1031 873 1168 934 omnibus.
1211 874 1286 934 Ger·

165 969 277 1026 manico
302 985 360 1027 non
386 968 496 1040 dubito,
518 970 586 1041 quin
607 975 709 1042 sponte
730 969 899 1028 decreverit.

248 1064 264 1139 ξ
288 1066 334 1126 11.
376 1065 534 1125 Absolutus
557 1067 761 1138 disputationis
782 1084 920 1125 summam
940 1069 1040 1140 paucis
1060 1084 1136 1126 nunc
1156 1084 1286 1140 compre-

165 1162 290 1221 hendere
310 1163 341 1221 in
361 1180 423 1220 rem
444 1168 500 1222 est:
527 1163 714 1221 innotuerunt
734 1164 896 1234 quindecim
917 1165 973 1222 viri
994 1164 1219 1236 triumphalibus
1241 1181 1285 1222 or-

166 1259 309 1318 namentis
330 1261 366 1318 ob
387 1260 526 1318 virtutem
546 1260 702 1318 militarem
722 1261 866 1320 honorati.
907 1259 990 1318 Unus
1011 1262 1119 1333 exeis,
1142 1262 1287 1334 Tiberius,

167 1356 212 1413 bis
233 1361 401 1414 ornamenta
422 1357 543 1429 accepit.
579 1356 685 1415 Omnes
700 1356 793 1414 Druso
807 1354 1037 1429 Germaniaeque
1059 1358 1187 1430 exceptis
1206 1375 1287 1417 acce·
1339 1407 1345 1414 .

170 1459 276 1526 parunt
300 1463 367 1526 post
388 1455 575 1512 consulatum.
617 1454 696 1528 Quot
720 1454 777 1513 viri
797 1458 914 1526 praeter
934 1455 999 1524 hos,
1021 1472 1092 1527 qnos
1113 1456 1289 1528 collegimus,

169 1551 254 1610 decus
279 1552 379 1623 adepti
400 1552 471 1620 sint,
501 1551 590 1609 statui
611 1552 711 1622 nequit
730 1566 822 1622 neque
843 1550 997 1622 quidquam
1016 1553 1114 1610 tribuo
1134 1551 1197 1609 loeo
1219 1553 1289 1610 Sue·

169 1649 242 1706 tonii
263 1647 356 1725 (Aug.
381 1648 448 1724 38):
475 1665 545 1717 ,neo
565 1649 681 1721 parcior
702 1646 874 1723 (Augustus)
896 1647 926 1705 in
946 1647 1051 1706 bellica
1071 1649 1180 1706 virtute
1201 1648 1289 1706 hono-

170 1746 263 1803 randa
284 1762 371 1818 super
395 1746 521 1818 triginta
542 1745 661 1803 ducibus
684 1745 776 1802 iustos
796 1743 957 1816 triumphos
979 1749 1008 1803 et
1029 1745 1177 1816 aliquanto
1197 1745 1289 1818 pluri-

170 1844 224 1901 bus
256 1843 445 1914 triumphalia
475 1847 645 1900 ornamenta
674 1841 852 1900 decernenda
879 1842 1019 1899 curavit“.
1066 1843 1192 1914 Etenim,
1226 1859 1290 1900 cnm

172 1937 326 1997 Suetonius
346 1955 383 1997 ne
396 1940 608 2012 triumphorum
629 1939 744 2011 quidem
764 1955 921 2010 numerum,
943 1956 1028 2011 quem
1048 1939 1135 1997 facile
1156 1956 1193 1997 ex
1213 1941 1287 1998 actis
1312 2003 1317 2012 ,

172 2036 385 2108 triumphorum
417 2036 587 2110 CapitoHnis
619 2052 788 2108 cognoscere
819 2040 950 2108 poterat,
986 2034 1091 2111 recte¹)
1123 2036 1288 2108 tradiderit,

171 2149 319 2192 numerum
339 2134 468 2192 virorum
488 2134 677 2205 triumphalia
698 2133 876 2205 adeptorum,
900 2133 1007 2205 quippe
1027 2148 1107 2203 qnos,
1128 2134 1155 2190 si
1175 2134 1289 2191 omnino

173 2231 310 2302 colligere
329 2231 426 2302 vellet,
448 2248 506 2289 non
527 2232 588 2289 sine
607 2230 707 2288 labore
729 2248 764 2289 ex
785 2230 860 2288 actis
880 2235 996 2288 senatus
1017 2230 1064 2288 vel
1085 2246 1119 2288 111
1140 2229 1290 2302 scriptori·

172 2328 226 2385 bns
247 2332 277 2386 ct
297 2331 459 2386 statuarum
478 2327 716 2399 inscriptionibus
737 2332 832 2386 essent
853 2327 1016 2399 colligendi,
1038 2327 1079 2383 nil
1100 2328 1198 2386 valere
1219 2327 1291 2384 mihi

173 2425 319 2484 concedes.

253 2522 390 2581 Omnibus
416 2522 579 2595 quindecim
603 2522 663 2580 illis
687 2522 877 2593 triumphalia
897 2537 915 2578 a
936 2526 1038 2579 senatu
1059 2526 1178 2580 auctore
1200 2521 1289 2594 impe·

174 2623 272 2677 ratore
310 2618 427 2678 decreta
468 2635 529 2677 esse
568 2618 692 2677 fortasse
728 2619 870 2690 quispiam
904 2619 1076 2677 concluserit
1109 2635 1125 2676 e
1159 2617 1290 2677 Suetonii

175 2714 267 2789 (Aug.
292 2716 345 2792 38)
366 2716 474 2774 verbis:
496 2714 649 2788 Augustus
664 2722 832 2774 ornamenta
854 2714 1052 2784 ,decernenda
1073 2716 1212 2773 curavit“.

253 2811 298 2870 At
328 2813 501 2883 memineris,
533 2829 648 2886 quaeso,
680 2813 712 2870 P.
740 2811 868 2886 Sulpicio
895 2812 1028 2886 Quirinio
1057 2816 1087 2870 et
1112 2811 1151 2869 M.
1179 2812 1292 2872 Plautio

177 2903 293 2968 Silvano
319 2913 437 2968 auctore
458 2909 634 2982 imperatore
659 2909 719 2967 ista
739 2909 857 2967 decreta
877 2924 933 2967 non
953 2925 1016 2967 esse
1036 2908 1170 2979 idemque
1191 2909 1293 2967 cadere

175 3008 205 3064 in
224 3006 420 3075 Messalinum,
441 3005 595 3079 Lepidum,
617 3006 793 3077 Postumum,
815 3004 1028 3064 Germanicum.
1069 3005 1147 3077 Ergo
1163 3007 1294 3065 Suetonii

177 3120 212 3162 ex
232 3105 296 3163 loco
317 3103 390 3161 nihil
410 3103 491 3173 sequi
516 3102 645 3170 videtur,
676 3102 751 3160 nihil
775 3100 939 3174 significare
964 3101 1055 3159 voluit
1075 3101 1132 3159 nisi
1153 3119 1171 3160 a
1191 3109 1293 3161 senatu

250 3342 272 3411 ¹)
291 3356 322 3396 re
340 3356 417 3410 vera,
435 3341 468 3394 ut
484 3340 560 3394 recte
578 3339 688 3394 monuit
703 3338 888 3394 Mommsenns
907 3336 964 3406 (111
984 3339 1053 3406 gest.
1072 3353 1100 3406 p.
1122 3339 1171 3392 168
1190 3339 1295 3408 adnot.)

176 3430 206 3484 in
214 3429 317 3484 tabulis
337 3429 419 3484 huius
428 3428 563 3499 temporis
574 3427 788 3498 triumphalibus
798 3442 872 3480 nuno
884 3425 984 3496 plenis,
996 3426 1021 3479 si
1029 3425 1186 3496 triumphos
1199 3443 1295 3482 omnes

178 3534 357 3573 numeramus
383 3518 417 3573 ab
437 3534 461 3576 a.
479 3518 514 3572 43
534 3533 558 3572 a.
579 3515 643 3575 Chr.
670 3518 783 3586 praeter
808 3514 896 3584 ipsius
914 3513 1036 3582 Augusti
1062 3515 1204 3570 ovationes
1227 3515 1296 3571 duas

178 3607 392 3678 triumphosque
410 3607 469 3660 tres
488 3607 516 3660 et
533 3603 650 3659 Antonii
668 3605 825 3659 ovationem
846 3619 904 3657 non
926 3603 1104 3672 reperiuntur
1121 3604 1177 3658 nisi
1195 3604 1249 3660 duo
1269 3606 1298 3660 et

176 3694 283 3764 viginti.
319 3694 444 3749 Nimium
461 3694 547 3762 igitur
566 3692 715 3749 Suetonius
733 3692 828 3762 posuit
844 3706 1001 3762 numerum,
1019 3690 1086 3746 licet
1102 3691 1258 3762 triumphos
1278 3709 1295 3747 a

178 3783 293 3839 ducibus
312 3782 473 3853 repudiatos
493 3781 734 3837 111111111111111111.Ι

248 3871 327 3934 Idem
340 3872 433 3926 autem
444 3869 632 3925 Mommsenus
645 3870 749 3940 nescio,
769 3885 819 3924 cnr
836 3869 869 3938 (r.
889 3868 928 3925 St.
947 3869 980 3925 R.
1000 3867 1023 3940 I,
1040 3885 1068 3940 p.
1087 3871 1148 3924 449.
1167 3884 1212 3923 111
1226 3871 1295 3938 gest

177 3978 204 4030 p.
226 3962 288 4030 168)
308 3959 342 4015 de
354 3975 471 4014 numero
485 3973 589 4027 eorum,
610 3958 658 4029 qui
671 3957 841 4013 ornamentis
854 3957 1070 4028 triumphalibus
1089 3956 1218 4012 honorati
1230 3958 1296 4028 sint,

178 4048 310 4105 Suetonio
328 4047 411 4103 iidem
427 4045 564 4102 habuerit.
