2984 4852
585 395 807 458 ...47-

134 625 160 667 a.
185 610 221 666 37
254 608 388 666 defuncto
420 606 491 680 (Dio
512 606 574 679 LX,
598 607 631 682 2)
661 611 784 680 propter
804 606 911 664 bellum
933 605 969 664 ab
990 605 1047 664 alio
1069 605 1257 678 compositum

135 706 206 782 (Dio
227 705 291 772 LX,
315 705 356 780 8).

216 803 232 878 ᾗ
255 804 281 861 2.
315 804 346 877 1)
368 801 507 873 Sequitur
527 801 583 863 (ln.
605 802 780 860 Hosidius
800 801 929 877 Geta¹),
946 802 1027 860 cuius
1041 801 1076 859 de
1090 800 1151 859 vita
1164 817 1258 874 pauca

136 901 213 974 apud
232 901 357 958 Dionem
379 905 503 968 exstant,
528 901 578 973 qni
598 902 719 973 praebet
739 901 822 959 haec:
849 900 915 972 LX,
938 901 968 958 9:
996 916 1022 957 a.
1044 899 1083 956 42
1106 899 1155 974 (11.
1179 901 1206 970 9,
1230 900 1256 956 1.

140 1002 186 1069 10,
210 999 240 1073 1)
263 999 339 1058 Geta
360 1000 530 1058 Suetonium
551 998 702 1056 Paulinum
723 995 938 1072 praetorium),
960 998 1011 1067 qui
1031 996 1115 1054 initio
1137 997 1205 1054 anni
1219 997 1258 1053 42

136 1098 175 1155 ad
195 1098 341 1154 Atlantem
372 1113 462 1168 usquc
493 1113 664 1169 progressus
695 1101 758 1154 erat
783 1094 947 1170 (11111111.
970 1094 1094 1154 9.Plin.
1120 1109 1146 1149 n.
1169 1094 1196 1151 h.
1219 1093 1257 1167 V,

139 1199 165 1265 1,
190 1195 239 1268 14)
262 1196 430 1253 subsecutus
450 1196 569 1252 Mauros
591 1194 707 1268 (Jabalo
730 1193 814 1268 duee)
834 1193 944 1266 pluries
958 1192 1030 1251 vicit
1043 1196 1130 1263 atque
1150 1192 1181 1249 in
1194 1192 1259 1249 loca

137 1292 252 1350 deserta
276 1293 434 1351 insectatus
454 1298 506 1363 est,
529 1292 644 1363 alioque
664 1292 728 1350 loco
750 1290 829 1367 (LX,
845 1290 912 1366 20);
935 1306 961 1348 a.
978 1287 1169 1364 4311311111)
1190 1288 1260 1348 Auli

137 1388 248 1446 Plautii
267 1389 424 1449 Britannos
444 1407 537 1462 paene
559 1395 660 1463 captus
678 1394 762 1447 tanta
775 1389 898 1447 audacia
918 1388 1074 1461 superavit,
1097 1391 1138 1456 ut,
1161 1403 1259 1459 quam·

138 1502 224 1557 quam
245 1486 370 1544 nondum
386 1487 483 1545 consul
497 1486 602 1559 fuerat,
619 1488 773 1545 honoribus
787 1490 885 1545 tamen
899 1484 1123 1556 triumphalibus
1137 1484 1258 1542 donare·

136 1589 194 1640 tur.
236 1585 358 1642 Accedit
384 1585 510 1643 eiusdem
535 1585 641 1644 Dionia
665 1587 746 1644 locus
766 1584 953 1656 gravissimus
975 1581 1053 1656 (LX,
1076 1580 1162 1656 23)⁴)‚
1184 1581 1259 1639 unde

139 1680 290 1739 Claudium
321 1682 502 1740 senatoribus
527 1682 710 1754 expeditione
730 1681 902 1740 Britannica
926 1679 999 1738 bene
1020 1678 1158 1752 probatis,
1192 1694 1258 1736 con·

141 1778 283 1836 sularibus
298 1779 431 1851 aliisque,
452 1780 639 1853 triumphalia
653 1779 790 1837 tribuisse
805 1779 1007 1851 cognoscimus,
1030 1793 1085 1848 quo
1098 1776 1128 1834 in
1142 1792 1259 1834 numero

138 1875 209 1946 quin
231 1875 307 1933 Geta
327 1874 424 1939 fuerit.
445 1892 503 1934 non
524 1875 633 1934 dubito.
669 1874 776 1934 Consul
797 1875 861 1934 suff.
884 1875 941 1933 fuit
961 1874 1043 1931 XK.
1059 1873 1173 1932 Octobr.
1194 1877 1260 1946 post

140 1988 244 2029 annum
265 1973 304 2029 43
326 1971 405 2047 (Dio.
427 1971 494 2042 LX,
517 1972 569 2047 20)
590 1976 707 2030 etanta
729 1989 833 2030 annum
855 1973 902 2044 47,
924 1975 956 2028 ut
970 1976 1087 2029 senatus
1100 1971 1260 2029 consultum

140 2068 175 2127 de
196 2070 334 2128 aedificiis
354 2086 411 2128 non
432 2071 581 2129 diruendis
602 2069 654 2128 On.
670 2071 794 2129 Hosidio
809 2070 886 2129 Geta
906 2070 941 2128 L.
964 2069 1098 2141 Vagellio
1121 2085 1177 2128 cos.
1198 2068 1259 2126 fac·

139 2171 200 2224 tum
231 2164 351 2243 (101111)
392 2168 470 2228 Num
494 2169 542 2225 bic
562 2169 700 2226 Hosidius
721 2167 799 2227 Geta
829 2167 962 2240 intellegi
994 2166 1098 2224 debeat
1128 2166 1205 2224 idem
1226 2181 1261 2223 ac

139 2280 221 2335 quem
243 2264 376 2324 Medeam
403 2267 585 2338 tragoediam
611 2284 647 2324 ex
667 2267 795 2338 Vergilio
822 2266 969 2324 exsuxisse
990 2265 1189 2323 Tertullianus
1211 2262 1261 2337 (de

139 2362 311 2435 praescript.
343 2363 445 2421 haeret
483 2363 535 2439 39)
567 2364 666 2433 tradit,
698 2365 837 2421 incertum
860 2367 903 2421 est
934 2361 982 2439 (ef.
1008 2362 1134 2420 Teuffel:
1166 2360 1259 2432 Littg.

139 2458 156 2534 ξ
179 2460 245 2530 370,
269 2461 312 2536 5.)
354 2459 415 2518 Nec
434 2464 532 2519 tamen
553 2478 652 2519 omnes
673 2465 831 2526 senatores,
857 2445 889 2516 ut
909 2460 964 2518 hoc
984 2459 1083 2517 statim
1104 2459 1259 2530 absolvam,

138 2557 188 2628 qui
208 2556 276 2614 huic
290 2559 467 2630 expeditioni
485 2559 689 2627 interfuerunt,
711 2558 899 2631 triumphalia
913 2560 1095 2631 acceperunt,
1118 2562 1152 2614 ut
1165 2554 1262 2614 Galba

141 2659 172 2712 et
192 2654 239 2713 Ti.
260 2654 391 2714 Plautius
417 2655 551 2715 Silvanus
577 2658 648 2716 satis
670 2658 782 2716 docent.
824 2657 989 2727 Eodemque
1011 2673 1048 2714 ex
1071 2655 1136 2712 loco
1158 2653 1262 2713 Dionis

138 2750 261 2810 Claudio
289 2757 408 2810 auctore
430 2752 524 2812 (letae
546 2753 633 2811 decus
654 2752 801 2812 decretum
823 2769 885 2812 esse
905 2770 967 2812 meo
993 2753 1100 2811 iudicio
1126 2750 1261 2811 efficitur.

139 2893 354 2904 -ῃ

212 2954 233 3023 ¹)
254 2953 287 3009 oi.
307 2953 404 3024 Pauly.
423 2955 456 3010 R.
474 2953 586 3024 Encycl.
610 2959 662 3010 art
681 2953 798 3009 Hosidia
816 2969 893 3023 gens.
912 2953 1039 3008 Hiibner:
1058 2951 1175 3006 Hermes
1198 2949 1263 3005 XVI

140 3059 168 3112 p.
188 3043 248 3099 525.
268 3043 320 3098 526
340 3043 402 3099 adn.
424 3048 447 3100 l.

216 3131 238 3197 ²)
256 3131 387 3187 videlicet
416 3132 540 3201 legatum
570 3132 742 3202 praetorium
771 3129 945 3200 proconsulis
975 3127 1096 3197 Africae,
1126 3129 1159 3182 ut
1185 3130 1262 3182 recte

142 3217 279 3274 Baehrius
298 3218 408 3290 (Pauly.
427 3220 483 3275 RE.
503 3220 550 3291 VI,
569 3224 631 3291 tp.
653 3219 742 3292 1476),
765 3218 954 3291 Nipperdeius
979 3217 1025 3285 (ad
1044 3216 1075 3273 T.
1093 3215 1168 3271 Ann.
1189 3215 1262 3285 XIV,

142 3309 187 3377 29,
206 3309 233 3377 7)
253 3308 315 3363 1111.
330 3308 394 3364 Tac.
414 3307 478 3366 hist.
497 3308 544 3380 IV,
562 3311 598 3364 48
616 3310 724 3378 putant
705 3307 788 3364 111.
806 3307 963 3363 Lehmann.
982 3305 1082 3361 Philol.
1094 3304 1143 3376 XI,
1160 3321 1187 3374 p.
1201 3306 1262 3363 393.

142 3393 273 3452 Sebiller:
293 3395 486 3465 Kaisergeseh
505 3396 527 3468 Ι,
549 3402 609 3467 lp.
629 3399 690 3453 322.

215 3483 310 3553 ³)leg.
338 3484 456 3554 legionis
484 3485 632 3541 vicesimae
660 3485 827 3554 (Lehmann.
858 3483 991 3540 Claudius
1012 3501 1040 3540 u
1058 3481 1144 3553 Nero,
1172 3443 1265 3537 Gotho

145 3571 226 3642 1858)
246 3574 295 3627 aut
314 3573 437 3631 decimae
456 3575 572 3645 quartae
597 3573 735 3642 (Hiibnem
758 3574 875 3629 Hermes
893 3572 965 3643 XVI,
983 3589 1011 3642 p.
1030 3571 1103 3675 525).

215 3659 266 3730 1)
255 3660 383 3766 euerpcnebs
373 3659 458 3723 τοῖς
479 3659 522 3743 μὲν
542 3661 686 3734 βουλευταῖς
705 3661 761 3722 τοῖς
786 3680 842 3716 uuus
845 3656 1044 3729 ξετασθεῖσνόι
1062 3656 1109 3719 τὰς
1128 3650 1263 3717 ἐπινικίους

143 3747 227 3820 τιμάς,
247 3747 293 3820 οὐχ
312 3748 351 3802 ὅτι
368 3752 422 3810 τοῖς
442 3747 613 3822 ὓπατευκόσιν,
638 3749 699 3824 ὅπερ
718 3742 760 3804 καὶ
782 3748 871 3810 ἄλλως
894 3747 1066 3822 ἀφθονώτατα
1087 3762 1130 3800 και
1152 3737 1192 3799 ἐπὶ
1211 3747 1264 3807 τοῖς

144 3829 318 3907 ἐλαχίστοις
309 3855 376 3892 εποι
379 3859 396 3894 ι

216 3926 238 3996 1)
258 3927 321 3983 vide
339 3927 506 3986 Mommsen:
536 3930 623 4000 epigr.
642 3929 803 3984 Analekten
826 3928 900 3997 (Ber.
923 3928 993 3983 iiber
1015 3926 1040 3982 d.
1059 3925 1143 3981 Verb.
1162 3924 1189 3980 d.
1208 3923 1265 3992 kgl

144 4013 236 4070 siche.
255 4015 320 4072 (ies.
340 4016 365 4073 d.
385 4017 474 4088 wisa,
501 4017 684 4087 philol-hist.
704 4016 746 4074 01.
768 4016 816 4087 IV,
843 4016 937 4086 Leipz.
963 4015 1040 4085 1852,
1067 4031 1095 4084 p.
1114 4014 1264 4069 272-276.

144 4100 253 4172 Lange:
271 4121 294 4160 r.
312 4103 371 4160 Alt.
389 4104 430 4159 11³
447 4123 474 4175 p.
494 4108 555 4162 390.
