2984 4852
605 403 825 466 ..13-

234 619 296 671 tum
319 612 412 685 planis
426 612 545 670 Tacitus
562 612 661 671 verbis
677 613 863 686 triumphalia
876 613 990 671 Licinio
1004 613 1139 672 Muciano
1153 613 1271 672 decreta

156 727 218 770 esse
238 714 363 770 testatur
382 713 498 768 anctore
517 709 639 769 Valerio
660 710 801 781 Asiatico,
824 712 940 769 consule
961 710 1152 787 designato¹);

236 809 325 866 verba
345 808 466 879 denique
492 820 707 879 supervacanea
731 808 939 879 antiquioribus
964 809 1140 882 temporibus
1161 808 1268 882 addita,

156 905 363 978 posterioribus
389 906 493 964 omissa
519 922 581 964 esse
607 922 661 977 per
685 923 715 964 se
739 907 829 964 multo
850 905 1035 965 verisimilius
1056 907 1127 964 mihi
1146 907 1270 966 videtur.

156 1004 283 1075 Itemque
305 1003 400 1060 Taciti
420 1002 472 1060 ille
492 1002 572 1060 locus
593 1007 624 1060 et
644 1002 780 1062 Flaviani
800 1003 904 1061 titulus
925 1003 1093 1075 impediunt,
1119 1005 1269 1075 quominus

156 1104 325 1159 ornamenta
344 1099 535 1173 triumphalia
556 1099 622 1157 iude
644 1116 663 1157 a
682 1099 858 1173 Vespasiani
883 1100 1048 1173 principatu
1072 1101 1129 1158 nisi
1154 1106 1271 1159 auctore

154 1197 330 1271 imperatore
356 1198 475 1256 decreta
500 1213 557 1254 uon
583 1213 645 1255 esse
670 1197 837 1272 putemus.²)
879 1197 957 1270 Ergo
984 1198 1063 1256 casui
1088 1197 1271 1257 tribuendum

155 1300 207 1364 est,
223 1295 300 1366 quod
314 1311 366 1352 eae
380 1295 462 1366 ipsae
476 1293 678 1366 inscriptiones
692 1293 730 1351 ad
740 1290 870 1365 Augusti
884 1294 1077 1366 principatum
1091 1296 1270 1368 pertinentes

155 1396 284 1461 exstant,
316 1392 417 1462 quibus
443 1391 484 1447 nil
511 1389 591 1447 aliud
615 1390 672 1448 nisi
701 1390 891 1462 triumphalia
922 1396 1091 1449 ornamenta
1121 1408 1138 1449 a
1168 1395 1271 1450 senatu

157 1489 274 1546 decreta
294 1488 425 1558 legimus.
467 1488 533 1546 Jam
552 1492 684 1560 apparet,
706 1487 817 1560 opinor,
840 1487 944 1544 falsum
965 1503 1036 1558 esse,
1059 1487 1084 1545 si
1104 1488 1168 1558 quis
1181 1489 1271 1546 haece

156 1586 246 1645 verba
275 1586 306 1644 in
336 1585 431 1644 titulis
462 1585 566 1643 omissa
592 1586 795 1658 neglegentiae
821 1584 1000 1656 quadratarii
1026 1589 1077 1642 aut
1102 1585 1271 1644 inscientiae

156 1683 376 1756 peregrinorum
396 1684 540 1755 imputare
559 1682 640 1741 velit.

237 1781 308 1839 Post
328 1780 539 1854 Vespasianum
559 1797 627 1838 num
647 1781 725 1839 solus
749 1785 852 1838 auctor
871 1779 1019 1838 exstiterit
1040 1780 1209 1852 imperator,
1241 1779 1272 1837 in

158 1883 240 1937 tauta
259 1879 489 1936 testimoniorum
512 1878 632 1950 penuria
652 1877 776 1935 iudicari
795 1878 905 1948 nequit.
946 1876 1077 1935 Auctore
1095 1878 1270 1950 imperatore

159 1976 223 2045 quis
243 1975 396 2032 adsecutus
417 1976 456 2032 sit
475 1974 623 2044 honorem,
646 1989 697 2032 suo
718 1974 782 2031 loco
804 1975 954 2031 enucleare
976 1975 1151 2032 conabimur.

520 2313 521 2317 ‘
625 2290 711 2394 Cap.
739 2288 804 2372 VI.
914 2295 916 2300 ’

224 2437 278 2509 De
306 2437 537 2510 ornamentis
564 2437 856 2528 triumphalibus
884 2441 998 2528 atque
1027 2435 1212 2509 ovatione.

238 2611 302 2668 Non
313 2608 490 2668 adsentimur
503 2627 556 2668 nos
570 2611 684 2682 quidem
694 2609 908 2686 Mommseuoi),
924 2610 982 2682 qni,
997 2610 1115 2668 sirecte
1129 2608 1273 2682 intellego,

159 2711 327 2764 ornamenta
352 2707 540 2779 triumphalia
565 2708 650 2766 initio
671 2725 728 2765 non
749 2707 866 2765 decreta
892 2724 955 2764 esse
975 2707 1032 2764 nisi
1052 2723 1116 2765 cum
1142 2706 1275 2784 ovatione

159 2809 261 2876 putare
286 2804 413 2874 videtur,
447 2819 510 2861 oum
541 2804 644 2862 scribit
668 2803 731 2862 iere
756 2805 841 2862 haee:
873 2803 904 2860 in
929 2803 1274 2862 decanatuum

158 2902 276 2962 wurden
301 2901 356 2959 den
381 2902 486 2959 beiden
510 2899 643 2958 Britderu
667 2900 779 2959 Drusus
804 2919 832 2960 u.
859 2900 993 2958 Tiberius
1019 2900 1066 2958 die
1092 2899 1275 2971 Triumphal-

160 3002 326 3056 ornamente
350 2997 496 3068 bowilligt.
540 2997 660 3054 Damals
684 2997 801 3054 wurdeu
827 2998 869 3055 sie
894 2997 1069 3069 wenigstens
1094 2995 1143 3053 fuir
1164 2995 1273 3053 Drusus

161 3095 213 3151 mit
227 3094 278 3152 der
291 3093 415 3151 Oratiou
428 3092 558 3166 zugleich
573 3093 721 3163 decreuit,
736 3098 835 3165 spater
848 3098 947 3150 traten
961 3093 1002 3151 111
1016 3101 1090 3164 ganz
1100 3092 1277 3165 selbstttndig

161 3191 217 3248 aui.
260 3191 373 3249 Drusus
403 3207 473 3248 saue
504 3189 693 3263 triumphalia
724 3196 810 3261 atque
843 3190 1004 3248 ovationem
1035 3206 1061 3247 a.
1092 3193 1124 3249 ll
1153 3207 1179 3248 a.
1208 3190 1276 3248 Chr.

232 3395 253 3462 ¹)
273 3391 385 3447 Tacitus
409 3392 484 3446 enim
507 3391 590 3461 (Hist.
613 3390 666 3463 IV,
689 3390 732 3464 4),
759 3393 909 3463 postquam
937 3391 1117 3462 triumphalia
1138 3390 1275 3460 Muciano,

162 3480 318 3535 consularia
334 3479 455 3549 iusignia
472 3479 565 3535 Primo
577 3480 710 3551 Antonio,
728 3480 870 3550 praetoria
890 3479 1020 3536 Cornelio
1037 3479 1128 3537 Fusco
1147 3482 1176 3535 et
1192 3479 1276 3534 Arrio

160 3568 244 3624 Vario
263 3569 377 3624 decreta
400 3584 461 3624 esse
486 3584 519 3623 ac
533 3568 677 3638 placuisse
696 3567 866 3638 Capitolium
888 3568 1001 3624 restitui
1018 3568 1155 3639 11111111,
1181 3568 1277 3623 statim

161 3659 249 3715 addit:
269 3674 358 3728 eaque
376 3657 469 3712 omnia
486 3656 615 3712 Valerius
634 3656 912 3722 Asiaticusceusuit.

232 3750 254 3818 ²)
272 3747 474 3802 Mommsenus:
493 3763 515 3801 r.
530 3745 647 3814 Staatsr.
666 3745 716 3817 11²,
734 3762 761 3815 p.
781 3748 833 3800 822
853 3762 916 3801 cum
934 3745 1057 3802 aduot4
1075 3745 1276 3816 posterioribus

160 3836 345 3908 temporibus,
372 3834 491 3890 fortasse
515 3849 532 3888 a
549 3832 714 3904 Vespasiani
733 3836 824 3889 aetate
850 3849 961 3904 semper
979 3836 1091 3890 auctore
1108 3834 1277 3904 imperatore

161 3925 273 3981 decreta
292 3941 325 3980 ea
347 3939 409 3979 esse
426 3922 501 3978 haud
520 3925 597 3977 recte
616 3923 717 3978 conicit
732 3923 879 3994 repudiata
896 3939 938 3994 ea,
957 3917 1044 3994 quam
1058 3925 1141 3978 antea
1151 3923 1270 3992 protulit

161 4014 300 4069 sententia
318 4013 366 4082 (ib.
385 4012 419 4080 1²,
437 4028 465 4082 p.
484 4009 559 4082 450).
583 4039 586 4044 ·
616 4051 619 4056 >

233 4102 256 4172 ⁸)
274 4119 297 4158 r.
317 4101 433 4158 Staatsr.
452 4100 476 4172 I,
494 4117 522 4171 p.
540 4102 593 4154 449
612 4100 675 4156 adn.
695 4103 720 4156 2.
