2984 4852
604 403 825 467 „43-

155 622 236 676 ratus
257 621 301 676 est
322 616 406 692 (Tac.
423 632 489 676 ann.
510 615 566 687 ΙΠ,
589 617 635 674 71.
657 614 735 675 Vell.
757 615 795 683 ΙΙ,
821 615 885 686 115,
908 614 1002 689 4-5)
1022 631 1076 673 nec
1096 615 1186 673 multo
1207 621 1273 689 post

155 714 276 786 Pompei
297 714 442 772 theatrum
462 718 616 772 auctumno
638 712 1126 785 11111111111111111ο111111111111111.
1169 712 1271 772 Eidem

155 817 217 870 tum
242 811 378 869 Tiberius
408 811 577 868 vocabulum
608 810 794 883 imperatoris
820 810 962 868 concessit
987 814 1164 882 postremum
1189 809 1273 884 (Tac.

156 925 221 967 ann.
247 908 306 980 ΙΠ,
335 910 381 966 74.
400 907 490 966 «Veli.
516 909 537 967 l.
564 907 609 982 1.).
655 907 744 966 Haud
780 907 864 965 dubie
896 907 982 965 decus
1013 907 1127 978 accepit
1158 911 1274 964 auctore

156 1007 340 1078 imperatore,
363 1005 439 1077 quod
453 1006 595 1064 evincitur
609 1005 704 1063 verbis
718 1004 814 1063 Taciti
836 1005 887 1082 (ib.
903 1005 956 1076 Ill,
973 1004 1039 1080 tm:
1064 1003 1191 1074 ,Caesar
1211 1020 1275 1062 cum

156 1103 278 1162 Jnnium
297 1103 433 1160 Blaesum
458 1104 598 1176 triumphi
627 1103 789 1175 insignibus
815 1103 977 1169 attolleret,
1010 1101 1079 1160 dare
1099 1102 1129 1158 id
1150 1117 1181 1160 se
1202 1101 1275 1159 dixit

156 1201 259 1258 honori
291 1199 398 1270 Seiani,
431 1201 510 1258 euius
541 1201 591 1258 ille
622 1202 781 1258 avunculus
814 1205 907 1259 erat“.
953 1198 1048 1257 Periit
1078 1200 1175 1270 paullo
1207 1205 1274 1256 ante

156 1297 292 1357 Seianum
313 1313 340 1356 a.
362 1299 400 1356 31
423 1296 607 1356 interiectum
628 1298 711 1373 (Tac.
733 1315 799 1357 ann.
820 1297 859 1365 V,
882 1296 924 1371 7).

236 1398 264 1454 3.
305 1395 367 1454 Nec
398 1400 494 1454 tamen
519 1397 643 1455 Blaesus
673 1396 781 1453 bellum
807 1394 989 1453 Numidicum
1021 1392 1191 1460 coniecerat,
1225 1393 1275 1450 sed

158 1509 231 1550 anno
263 1493 375 1550 demum
407 1494 445 1551 14
477 1493 667 1551 Dolabella
697 1492 785 1564 longo
821 1496 921 1550 contra
951 1490 1166 1549 Tacfarinatem
1196 1490 1272 1568 bello

158 1590 309 1649 defunctus
340 1595 393 1650 est.
435 1590 511 1648 Nam
536 1591 650 1663 priores
676 1590 777 1662 duces,
809 1589 859 1646 uhi
879 1587 1069 1660 impetrandis
1100 1587 1275 1645 ornamentis

157 1688 380 1759 triumphalibus
401 1705 448 1746 res
469 1704 536 1746 snas
562 1687 695 1747 sufficere
721 1687 917 1756 crediderant,
949 1686 1062 1743 hostem
1094 1683 1274 1743 omittebant.

158 1784 284 1855 Jamque
308 1786 364 1843 duo
385 1786 468 1861 viri¹)
490 1786 678 1859 triumphalia
699 1787 735 1843 ob
750 1783 965 1842 Tacfarinatem
985 1783 1092 1841 victum
1112 1787 1276 1840 meruerant

160 1888 190 1940 et
220 1881 313 1940 adhuc
343 1885 479 1941 vastabat
508 1883 641 1942 Africam
667 1881 838 1940 Tacfarinas
869 1898 934 1939 cum
963 1877 1133 1938 Maurorum
1159 1865 1290 1937 auxiliis'
1385 1903 1386 1906 ¹

160 1978 243 2054 (Tac.
269 1996 335 2038 ann.
357 1980 409 2051 IV,
437 1982 499 2055 13).
542 1982 615 2039 Tum
641 1981 753 2038 demum
778 1977 972 2051 Dolabella2),
1004 1977 1054 2048 qni
1079 1993 1131 2049 pro
1158 1977 1273 2034 consule

158 2075 291 2134 Africam
320 2079 468 2136 obtinebat
488 2078 620 2154 (Miillem
642 2079 661 2135 l.
683 2079 703 2136 l.
725 2077 766 2147 H,
788 2094 817 2149 p.
841 2075 912 2150 156)
942 2090 967 2132 a.
991 2074 1123 2135 13-14.
1155 2073 1274 2130 Junium

158 2173 297 2234 Blaesum
317 2180 432 2232 secutus
453 2175 541 2249 (Veli.
565 2176 601 2242 II,
627 2176 696 2249 115)
717 2175 803 2232 finem
824 2175 912 2232 armis
935 2170 1071 2244 imposuit
1091 2168 1274 2230 Tacfarinate

159 2270 274 2329 devicto
289 2277 375 2343 atque
390 2272 546 2330 interfecto
569 2273 652 2347 (Tac.
668 2288 733 2330 ann.
749 2272 800 2343 IV,
824 2270 884 2346 15).
927 2271 1065 2327 Attamen
1088 2268 1276 2338 ,Dolabellae

159 2369 270 2440 petenti
291 2369 391 2427 abnuit
412 2369 599 2442 triumphalia
620 2369 783 2440 Tiberius“‚
806 2373 839 2425 ut
859 2369 901 2425 ait
914 2366 1034 2426 Tacitus
1055 2365 1133 2442 (ann.
1148 2365 1200 2436 IV,
1224 2363 1274 2439 16)

162 2463 284 2534 „Seiano
316 2467 459 2538 tribuens,
494 2483 530 2525 ne
560 2467 675 2538 Blaesi,
708 2465 841 2524 avunculi
872 2465 947 2534 eius,
979 2465 1043 2522 laus
1074 2463 1275 2522 obsolesceret.

160 2561 217 2619 Sed
236 2579 329 2635 neque
350 2564 471 2622 Blaesus
496 2563 563 2622 ideo
585 2564 726 2622 illustrior
751 2569 781 2621 et
801 2563 868 2621 huic
888 2568 1012 2634 negatus
1037 2561 1129 2618 honor
1153 2559 1275 2631 gloriam

159 2659 299 2727 intendit,
331 2660 438 2733 quippe
460 2661 570 2719 minore
592 2662 720 2719 exercitu
741 2662 866 2735 insigues
886 2660 1029 2734 captivos,
1059 2658 1176 2716 caedem
1196 2657 1276 2714 ducis

159 2757 282 2827 bellique
304 2757 429 2815 coniecti
449 2757 555 2816 famam
575 2758 770 2830 deportarat.“
813 2758 960 2816 Tiberium
982 2757 1079 2829 igitur,
1102 2771 1165 2813 cum
1184 2753 1275 2811 Dola-

159 2853 235 2911 bella
265 2854 375 2913 litteris
404 2855 543 2914 laureatis
568 2857 718 2914 victoriam
743 2857 917 2922 nuntiasset,
950 2855 981 2912 in
1007 2870 1070 2912 eam
1101 2851 1275 2910 seutentiam

159 2951 246 3009 verba
260 2951 363 3010 fecisse
376 2958 455 3025 puto,
471 2958 505 3011 ut
518 2959 666 3010 senatores
680 2953 868 3024 triumphalia
882 2952 1036 3010 decernere
1055 2965 1113 3007 nou
1127 2948 1276 3006 auderent.

239 3047 371 3107 Eundem
391 3050 574 3109 Dolabellam
597 3050 715 3108 Tacitus
736 3049 815 3124 (ann.
831 3049 884 3118 ΙΙΙ,
906 3049 959 3121 47)
980 3051 1082 3104 narrat
1103 3062 1129 3104 a.
1151 3045 1187 3102 11
1211 3059 1276 3101 cen-

232 3214 254 3283 ¹)
275 3215 375 3284 quodsi
393 3218 437 3271 est
449 3216 523 3286 apud
537 3217 664 3272 Tacitum
683 3215 759 3286 (ann.
771 3214 819 3284 IV,
838 3214 897 3286 13);
918 3214 1044 3284 ,iamque
1056 3214 1114 3266 tres
1134 3210 1276 3264 laureatae

158 3303 189 3356 in
209 3303 276 3358 urbe
295 3304 406 3358 statuae
425 3305 454 3358 et
473 3303 563 3359 adhuc
575 3305 706 3374 raptabat
717 3302 842 3358 Africam
855 3301 1032 3357 Tacfarinas“
1053 3295 1128 3370 cave,
1146 3315 1182 3353 111
1194 3299 1276 3367 putes

159 3391 322 3460 tresviros,
350 3408 420 3463 quos
437 3393 563 3462 intellegi
580 3392 654 3463 vult,
682 3391 1039 3464 Camillum,·Apronium,
1066 3388 1213 3455 Blaesum,
1241 3385 1276 3440 ob

160 3476 364 3535 Tacfarinatem
382 3481 486 3537 victum
505 3484 668 3538 ornamenta
679 3482 860 3553 triumphalia
877 3480 996 3550 ideoque
1009 3481 1116 3533 statuas
1134 3476 1275 3531 laureatas

160 3566 275 3637 adeptos
295 3585 366 3625 1111.
402 3568 491 3625 Immo
509 3572 668 3626 memineris
687 3570 719 3630 L.
737 3571 895 3641 Apronium
916 3586 949 3624 ea
968 3569 1100 3638 adeptum
1124 3582 1185 3621 esse
1203 3565 1276 3619 testa

160 3654 257 3713 Tacito
277 3659 325 3726 (ib.
343 3657 367 3728 Ι,
386 3657 432 3730 71)
456 3659 487 3714 in
505 3659 655 3716 Germania
679 3677 703 3716 a.
724 3660 766 3719 15.
802 3659 901 3732 Itaque
920 3658 1047 3713 Tacitum
1070 3657 1145 3725 (ann.
1164 3653 1211 3723 IV,
1230 3654 1275 3722 13)

159 3746 261 3803 falsum
280 3764 341 3805 ease
358 3751 451 3804 statuo
471 3766 562 3820 neque
574 3748 645 3804 facio
659 3764 722 3803 cum
733 3748 905 3803 Mommseuo
925 3745 998 3815 (eph.
1012 3745 1099 3814 epigr.
1112 3742 1150 3814 ΙΙ,
1161 3760 1189 3812 p.
1202 3743 1276 3812 168),

159 3837 316 3907 Apronium
335 3839 369 3894 ob
387 3855 433 3893 res
451 3839 482 3893 in
499 3837 596 3893 Africa
614 3840 706 3907 gestas
726 3836 817 3891 denuo
837 3836 977 3905 accepisse
996 3834 1161 3889 ornamenta
1179 3833 1276 3887 trium·

158 3924 254 3994 phalia
266 3927 444 3997 statuamque
457 3926 612 3981 laureatam
624 3926 695 3984 rato.
731 3923 860 3994 Namque
873 3924 1008 3978 honorem
1019 3923 1152 3978 iteratum
1164 3921 1276 3976 silentio

159 4015 338 4082 praeteriisse
358 4014 485 4069 Tacitum
502 4015 545 4069 vir
564 4014 662 4070 doctus
681 4030 764 4082 aegre
783 4013 913 4083 cuiquam
930 4013 1068 4082 probabit.

231 4104 253 4175 ²)
273 4102 306 4162 cf.
326 4102 461 4173 Nipperd.
482 4103 525 4162 ad.
545 4103 576 4159 T.
595 4103 629 4162 A.
649 4102 699 4174 III,
717 4106 760 4158 47.
