2984 4852
620 396 830 458 ..71-

167 702 266 775 posuit
289 700 491 777 Borghesins¹)
522 702 732 762 restituendum
757 719 815 760 non
840 719 911 772 esse,
944 702 995 760 sed
1021 701 1282 773 ,1110151111511151

169 799 245 872 quod
271 799 380 873 primus
400 798 555 857 Hennenus
580 800 686 858 collato
712 799 799 857 titulo
824 815 871 858 no.
894 799 970 858 6501
994 799 1174 858 collectionis
1194 801 1289 873 ipsius

169 897 300 967 coniecit,
327 912 402 954 nuno
423 895 609 954 confirmatur
629 896 740 954 duobus
761 895 856 956 titulis
876 895 979 972 (Henz.
1002 896 1080 955 5256
1103 897 1140 956 of.
1161 896 1286 955 51111151-

169 995 358 1052 15115555551
382 994 570 1065 inscriptions
590 993 627 1051 de
648 993 761 1052 Vienne
783 1010 818 1052 en
838 994 992 1067 Dauphine
1013 994 1027 1051 I
1048 993 1170 1068 (Vienna
1193 993 1285 1069 1815)

169 1110 196 1166 p.
216 1092 347 1150 42-51.
388 1091 480 1148 Henz.
504 1088 673 1149 5418=O.
695 1091 718 1147 Ι.
740 1091 776 1147 L.
791 1090 846 1160 III,
869 1090 938 1162 dipl.
960 1090 1018 1148 mil.
1040 1089 1098 1164 IX)
1120 1095 1223 1163 postea
1243 1089 1286 1146 in-

169 1190 274 1254 ventis,
296 1188 443 1259 inquibus
465 1185 515 1244 On.
538 1187 677 1245 Pinarius
699 1186 848 1246 Cornelius
869 1185 1003 1245 Clemens
1023 1188 1201 1259 Vespasiano
1222 1203 1288 1245 eon-

170 1288 232 1345 sule
252 1285 282 1346 V
313 1284 348 1359 (i.
374 1302 399 1342 e.
426 1301 453 1344 a.
476 1283 527 1358 14)
558 1285 671 1357 legatus
702 1284 764 1343 eius
794 1301 837 1356 pr.
871 1301 914 1356 pr.
947 1284 1091 1343 exereitus
1121 1283 1288 1342 Germanioi

171 1383 329 1457 superioris
354 1381 469 1442 dieitur.
511 1381 622 1440 Eodem
645 1381 734 1454 igitur
760 1397 834 1440 anno
861 1397 897 1439 ex
917 1383 1093 1439 auctoritate
1113 1380 1287 1454 Vespasiani

170 1481 248 1539 inter
262 1480 441 1538 Viennenses
461 1482 491 1537 et
504 1477 667 1537 Ceutrones
681 1475 874 1554 terminavit)
895 1478 1001 1553 (Henz.
1017 1478 1109 1553 5256)
1131 1483 1161 1536 et
1182 1480 1218 1536 55
1239 1495 1289 1536 res

171 1578 202 1634 in
223 1577 380 1635 Germania
400 1592 538 1648 prospere
559 1572 684 1650 gestas)
706 1580 823 1635 auotore
844 1576 1018 1648 imperatore
1038 1574 1220 1647 Vespasiano
1242 1592 1293 1634 or·

172 1678 308 1732 namenta
340 1674 530 1746 triumphalia
564 1674 676 1746 aceepit
709 1674 772 1731 sine
806 1673 891 1731 dubio
926 1672 1094 1731 consularis.
1150 1672 1284 1731 Oetemm

172 1787 317 1844 augurem,
350 1775 513 1829 curatorem
544 1771 658 1828 aedium
688 1787 834 1829 sacrarum
865 1772 1050 1842 locorumque
1084 1770 1289 1845 publioorum⁴)

174 1867 296 1926 eundem
316 1869 405 1928 fuisse
427 1885 463 1926 ex
483 1883 539 1926 uno
561 1867 648 1924 titulo
670 1884 757 1940 supra
778 1869 871 1940 posito
892 1867 1036 1926 discimus.

252 1965 269 2040 ξ
295 1967 323 2024 5.
364 1966 406 2025 M.
432 1963 560 2037 Ulpius
586 1961 800 2039 Traianus⁵)‚
831 1968 916 2035 pater·
946 1964 1138 2036 imperatoris,
1170 1964 1285 2037 legatus

173 2063 296 2134 legionis
316 2063 346 2121 X
366 2062 516 2120 Fretensis
542 2063 593 2119 sub
615 2062 793 2133 Vespasiano
818 2061 889 2120 duee
910 2061 985 2119 55115
1006 2061 1132 2120 Judaioo
1153 2061 1286 2120 interfuit

88 2188 91 2196 .
174 2159 381 2234 expugnationi
411 2158 553 2232 imprimis
577 2158 694 2232 Japlrae
719 2174 816 2216 mense
836 2157 926 2216 Junio
952 2174 978 2219 5.
1001 2159 1038 2216 61
1060 2157 1195 2233 (Joseph.
1221 2159 1315 2217 bell..·

174 2257 244 2318 Jud.
266 2257 322 2326 ΙΠ,
351 2260 377 2329 7,
401 2255 462 2331 31),
495 2255 648 2314 Tariohiae
673 2272 771 2314 mensa
796 2255 960 2328 Septembri
991 2256 1045 2331 (ib.
1066 2256 1123 2326 HI,
1152 2256 1197 2328 10,
1226 2256 1295 2331 10);

175 2371 271 2413 mense
284 2355 306 2414 J
307 2355 375 2413 unio
397 2371 422 2414 a.
447 2355 484 2412 68
505 2354 646 2428 legionem
667 2371 748 2413 suam
770 2371 834 2413 oum
848 2353 1017 2428 Vespasiani
1039 2354 1129 2427 eopiis
1143 2353 1174 2410 111
1188 2369 1292 2426 eampo

174 2452 373 2510 Hierichontis
392 2451 473 2509 urbis
495 2453 643 2510 coniunxit
666 2452 718 2527 (ib.
740 2451 795 2522 IV,
817 2454 846 2522 8,
870 2451 909 2526 1),
937 2457 1004 2524 post
1028 2453 1100 2510 haee
1125 2467 1143 2508 5
1164 2451 1295 2523 Josepho

175 2565 232 2606 non
254 2553 549 2607 commemoraturos
574 2550 709 2608 nimirum
735 2550 770 2608 de
796 2565 892 2619 cansa,
920 2549 995 2620 qnod
1014 2547 1126 2606 Romae
1145 2547 1202 2606 fine
1223 2548 1293 2606 anni

178 2647 214 2704 68
237 2646 387 2704 consulatu
408 2645 522 2704 functus
543 2651 595 2717 est,
617 2651 650 2704 ut
670 2646 880 2705 demonstravit
900 2644 1073 2720 Stobbius.⁶)

255 2742 383 2816 Legatos
415 2743 575 2800 consularis
599 2741 703 2818 Syriae
733 2761 758 2802 5.
794 2744 851 2802 125
883 2755 969 2802 55155
1000 2743 1206 2816 imperatoriae
1231 2745 1290 2802 An-

175 2839 333 2898 tiochensis
355 2839 374 2896 i.
398 2856 423 2899 e.
445 2857 472 2898 a.
495 2840 621 2898 16-71
647 2857 675 2913 p.
698 2839 767 2900 051.
801 2841 851 2916 (51.
873 2857 1018 2899 nummum
1039 2859 1085 2915 ap.
1107 2841 1293 2916 Waddingt.)

175 2937 232 2994 fuit
251 2937 414 3009 bellumque
434 2937 477 2994 ibi
497 2942 599 2995 eontra
612 2937 745 3008 Parthos,
766 2953 822 3009 quo
843 2935 921 2995 filius
942 2954 1054 3009 quoque
1073 2939 1211 2996 virtutem
1225 2954 1292 3011 pro·

174 3033 256 3092 bavit
276 3033 364 3108 (Plin.
385 3032 495 3106 Paneg.
520 3033 571 3109 14)
593 3033 665 3092 5515
690 3035 788 3105 gessit.
830 3034 877 3092 Ibi
897 3035 1005 3092 uirtute
1030 3035 1084 3093 filii
1103 3035 1294 3106 triumphalia

176 3136 348 3190 ornamenta
367 3133 473 3189 memit
495 3131 584 3207 (Plin.
606 3131 714 3204 Paneg.
739 3132 791 3207 89)
812 3149 839 3192 a.
862 3133 909 3192 11.
950 3132 1053 3204 Itaque
1074 3131 1218 3190 Traianus
1237 3132 1292 3189 im-

176 3232 297 3300 perator
327 3230 497 3301 triumphali
528 3235 612 3302 patre
643 3232 757 3303 genitus
788 3232 953 3305 appellatur
983 3229 1072 3305 (Plin.
1103 3228 1211 3301 Paneg.
1245 3229 1289 3304 9).

176 3325 309 3397 Denique
329 3324 434 3384 Asiam
453 3344 507 3399 pro
529 3328 645 3386 consule
670 3328 884 3388 administravit
914 3345 939 3386 a.
973 3329 1010 3385 19
1023 3327 1060 3371 -’-
1075 3327 1113 3385 80
1138 3325 1293 3384 seeundum

249 3477 269 3545 ¹)
290 3492 353 3546 opp.
374 3474 420 3545 VI,
438 3476 490 3529 419
510 3490 571 3545 sqq.

247 3564 269 3634 ¹)
289 3563 323 3622 51.
342 3562 441 3633 Zippel
459 3562 478 3618 l.
496 3562 515 3618 l.
534 3579 564 3632 p.
582 3564 635 3618 290
653 3578 694 3634 sq.

249 3651 271 3722 3)
291 3650 324 3709 ei.
344 3650 478 3720 Borghes.
499 3666 563 3720 opp.
582 3649 615 3720 V,
634 3652 677 3706 30.

248 3740 269 3808 4)
290 3739 323 3796 ef.
342 3738 477 3808 Borghes.
497 3754 560 3808 opp.
579 3736 627 3808 IV,
648 3738 706 3794 153.

250 3827 271 3898 ⁵)
291 3827 324 3885 of.
345 3826 499 3895 Waddingt.
518 3825 605 3881 fastos
623 3826 646 3896 1,
669 3843 714 3882 no.
735 3829 793 3882 100.
830 3827 938 3883 Eokhel
955 3827 989 3884 D.
1009 3827 1044 3884 N.
1063 3826 1110 3897 VI,
1133 3845 1161 3899 p.
1179 3829 1232 3883 433
1251 3844 1294 3899 sq.

249 3915 391 3984 1)Ρ51151.
414 3914 512 3986 XXXI,
535 3918 560 3970 2.
579 3914 679 3971 Ρ51151.
703 3917 841 3986 Anaeiger
860 3919 930 3973 1810
951 3934 978 3988 p.
998 3919 1059 3987 250,
1087 3916 1295 3986 adstipulantur

177 4004 327 4060 Hennenus
347 4005 422 4075 (eph.
443 4020 485 4073 ep.
500 4002 523 4076 1,
539 4020 567 4074 p.
583 4005 634 4058 188
654 4004 717 4061 adn.
737 4007 762 4060 2.
780 4003 909 4060 Kleinius
928 4006 964 4062 ad
982 4023 1007 4061 a.
1027 4008 1070 4062 68.
1090 4004 1124 4060 of.
1137 4004 1294 4072 Waddingt.

175 4091 239 4148 fast.
258 4092 271 4147 I
290 4110 317 4164 p.
339 4093 398 4149 153.
