2984 4852
503 357 803 420 .-55-

141 563 196 634 Qui
215 563 247 620 in
260 561 419 622 Germania
439 565 583 634 suecessit,
604 563 639 621 P.
656 564 796 622 Gabinius
809 563 941 622 Chaucos
954 565 1026 623 vicit
1041 563 1137 640 (Suet.
1152 564 1254 623 Claud.

141 659 195 734 24)
216 676 250 718 ac
276 675 435 732 cognomen
456 659 578 719 Chaucii
602 662 716 718 meruit.
757 660 957 734 Triumphalia
989 662 1016 719 ei
1047 661 1164 720 decreta
1194 679 1258 721 esse

140 771 281 827 nusquam
301 756 465 831 traditur.¹)
487 757 588 829 Galba,
611 763 761 830 postquam
779 758 955 829 expeditioni
968 757 1153 816 Britannicae
1167 759 1259 816 inter-

141 852 206 924 fuit,
240 869 292 925 pro
320 854 436 911 consule
457 852 588 910 Africam
610 853 700 927 (Plut.
724 853 809 912 Galb.
830 853 864 928 3)
890 855 1003 912 biennio
1030 855 1155 912 obtinuit
1175 860 1261 912 erma

141 953 248 1007 sortem
269 949 378 1007 electus
399 950 436 1006 ad
457 949 647 1008 ordinandam
666 951 846 1022 provinciam
872 955 902 1008 et
921 952 1058 1009 intestina
1084 951 1260 1009 dissensione

143 1051 173 1102 et
193 1044 382 1103 barbarorum
402 1047 527 1103 tumultu
547 1046 705 1116 inquietam
727 1046 809 1121 (Tac.
832 1047 898 1105 blst.
921 1049 943 1114 Ι,
959 1049 1007 1106 49.
1029 1048 1107 1107 Suet.
1123 1047 1206 1106 Galb.
1224 1048 1255 1122 7)

142 1143 284 1213 singulari
306 1158 369 1198 oum
390 1141 512 1213 Imperio
534 1141 684 1217 (Schillerz
706 1143 913 1215 Kaisergesch.
936 1144 961 1214 I,
979 1147 992 1202 1
1015 1161 1043 1216 p.
1066 1145 1124 1202 322
1145 1144 1210 1201 adn.
1227 1145 1260 1219 2)

141 1255 263 1309 eamque
285 1238 367 1296 annis
381 1236 471 1306 45146
487 1243 518 1296 et
531 1240 622 1305 46147
638 1239 991 1323 Galbamadministrasse
1005 1239 1126 1312 Pighius
1147 1238 1261 1312 (annal.

142 1335 196 1407 HI,
230 1352 258 1407 p.
280 1335 352 1408 575)
383 1335 447 1392 iure
478 1334 544 1392 Inde
576 1334 745 1392 concludere
770 1335 893 1401 videtur,
927 1335 1002 1405 quod
1027 1336 1094 1393 inde
1115 1351 1133 1392 a
1152 1334 1262 1392 Tiberii

143 1431 310 1504 principatu
336 1429 502 1503 provinciae
528 1431 692 1488 senatoriae
718 1431 818 1488 decem
842 1432 889 1489 vel
908 1431 1007 1502 potius
1027 1430 1157 1502 pluribus
1178 1431 1262 1488 annIs

143 1529 409 1600 postconsulatum
430 1526 624 1584 administrari
650 1527 793 1597 solebant,
825 1531 859 1584 ut
889 1527 961 1584 sads
991 1527 1091 1584 multis
1122 1528 1262 1598 exemplis

144 1625 346 1697 comprobatur
377 1623 496 1698 (Bullet.
529 1625 596 1682 inst.
629 1624 706 1681 arob
742 1624 817 1681 1846
849 1641 876 1695 p.
911 1622 1019 1698 173).²)
1062 1623 1188 1695 Triump.
1205 1624 1263 1682 alla

147 1727 226 1780 certo
247 1722 356 1780 virtute
377 1721 497 1778 militari
512 1720 635 1792 adeptus
650 1724 695 1776 est
709 1715 890 1791 consularis³)
912 1735 994 1790 anno,
1017 1724 1050 1776 ut
1063 1719 1186 1790 videtur,
1209 1720 1257 1776 47.

225 1818 290 1893 §a
332 1818 368 1874 A.
390 1819 428 1874 47
461 1817 648 1889 triumphalia
673 1821 841 1873 ornamenta
865 1816 978 1887 aceepit
1004 1813 1061 1874 On.
1083 1816 1262 1873 Domitius

145 1909 341 1989 Corbulo⁴),
362 1915 477 1985 legatus
491 1914 567 1984 Aug.
588 1931 632 1985 pr.
654 1930 697 1985 pr.
713 1912 887 1971 Germaniae
908 1910 1064 1979 inferioris,
1086 1911 1131 1968 cui
1152 1913 1262 1984 prinei-

143 2013 230 2084 pium
250 2013 302 2069 illa
322 2011 428 2068 militia
447 2010 513 2080 fuit,
534 2027 590 2067 non
611 2027 666 2081 quo
689 2010 839 2081 quicquam
860 2014 1020 2066 memoratu
1042 2009 1159 2080 dignum
1174 2009 1262 2067 armis

145 2109 284 2181 gessisset
304 2107 387 2182 (Tac.
410 2099 475 2165 ami.
496 2107 550 2178 XI,
580 2105 720 2181 18-20)
745 2112 795 2164 aut
819 2105 895 2162 bebo
922 2105 1074 2163 defunctus
1095 2109 1179 2177 esset,
1211 2103 1263 2162 sed

145 2205 287 2278 imprimis
319 2206 405 2263 aliam
438 2204 475 2262 ob
505 2221 634 2262 causam:
667 2202 801 2261 Claudius
828 2203 903 2260 euim
932 2203 1072 2273 impetum
1085 2201 1262 2259 ¹Corbulonis

146 2303 178 2360 in
199 2302 373 2361 Germanias
393 2301 540 2374 prohibuit
563 2301 682 2371 veritus,
714 2316 759 2370 ne,
791 2303 824 2356 ut
849 2303 912 2356 erat
937 2299 994 2356 dux
1015 2299 1122 2357 virtute
1142 2297 1264 2355 militari

148 2415 183 2456 ac
198 2399 327 2457 consiliis
340 2402 457 2471 praeter
472 2402 584 2455 ceteros
598 2398 728 2468 insignis,
744 2396 895 2455 Germanis
909 2396 993 2453 victis
1007 2411 1104 2452 rerum
1118 2395 1263 2466 potiretur

146 2497 228 2572 (Tac.
262 2512 328 2553 ann.
363 2496 414 2564 XI,
450 2494 509 2569 19).
551 2494 727 2551 ornamenta
758 2497 854 2550 autem
887 2492 1076 2565 triumphaIIa
1109 2491 1261 2560 ,indulsit“

146 2595 314 2665 imperator,
347 2592 474 2663 quamvis
504 2591 611 2649 bollum
641 2591 804 2662 negavisset
829 2589 909 2663 (Tac.
942 2605 1006 2645 ann.
1041 2587 1097 2658 XI,
1124 2589 1171 2645 20.
1202 2586 1262 2644 Dio

145 2689 209 2760 LX,
228 2687 290 2763 30).
331 2687 469 2745 Claudius
489 2703 557 2746 num
572 2690 673 2743 auctor
687 2687 748 2758 ipse
764 2686 918 2751 castherii,
940 2685 1070 2742 iudicare
1085 2701 1142 2741 non
1156 2683 1261 2740 ausim:

147 2788 197 2842 aut
223 2788 339 2843 senatus
362 2784 526 2842 Domitium
556 2783 697 2854 imprimis
728 2783 764 2840 ob
795 2782 971 2854 provinciam
1002 2782 1149 2853 sapienter
1172 2779 1263 2837 admi·

147 2970 248 3036 -396)
268 2967 365 3021 contra
382 2965 559 3020 Mameriium
578 2963 682 3033 (Germ.
701 2980 729 3033 p.
749 2965 810 3032 103)
829 2964 916 3018 verba
934 2960 1065 3031 »Πόπλιος
1078 2958 1213 3032 Γαβίνιος“
1234 2962 1264 3015 et

147 3053 251 3125 Γάλβας
279 3053 292 3106 ὁ
318 3051 482 3113 Σουλπίκιοᾷ
511 3053 585 3106 iuter
611 3067 642 3106 sc
670 3052 898 3118 commutantem,
927 3064 1010 3119 quam
1038 3049 1225 3103 coniecturam
1248 3063 1266 3101 a

147 3142 368 3200 Wietersheimio
393 3142 467 3210 (Ber.
491 3142 561 3196 iiber
585 3140 610 3196 d.
629 3139 713 3196 Verh.
737 3138 763 3194 d.
782 3138 839 3206 hgl.
859 3137 948 3196 sacha.
968 3137 1032 3193 Ges.
1052 3137 1078 3196 d.
1098 3137 1137 3191 W.
1155 3135 1265 3205 philol.-

148 3233 213 3287 hiet.
232 3229 273 3287 el.
292 3229 315 3301 1,
335 3232 403 3284 1849
423 3246 451 3298 p.
472 3231 522 3283 176
536 3229 609 3298 sqq.)
630 3227 720 3283 denuo
740 3225 882 3281 defensam
900 3223 921 3280 1.
934 3223 1047 3279 Behher
1065 3224 1094 3278 et
1105 3222 1265 3277 Dindorlius

147 3321 178 3374 in
197 3319 331 3374 editiones
351 3317 425 3388 quod
443 3317 611 3385 receperunt
628 3313 779 3370 dolendum
798 3315 848 3369 est.

222 3409 243 3476 ¹)
263 3405 296 3463 cf.
315 3405 450 3474 Borghes.
469 3420 533 3474 opp.
552 3401 603 3473 111,
621 3419 649 3472 p.
668 3405 729 3460 326.
748 3401 781 3472 V,
799 3405 834 3456 44
853 3417 895 3471 sq.
914 3401 975 3455 577.

220 3495 242 3563 ²)
262 3493 296 3553 cf.
323 3493 457 3562 Borghes.
485 3509 540 3562 opp
567 3490 615 3560 IV,
643 3491 703 3546 536.
749 3489 877 3545 Hiibuer:
905 3488 1021 3543 Hermes
1049 3485 1122 3557 XVI,
1148 3503 1176 3556 p.
1205 3485 1266 3541 524.

90 3637 92 3642 ,
149 3583 306 3639 Lehmann:
325 3582 344 3637 l.
363 3582 381 3637 l.
401 3581 531 3638 Schiller:
550 3578 743 3646 Kaisergesch.
761 3576 784 3648 I,
804 3581 817 3632 1
837 3593 864 3646 p.
883 3579 934 3632 321
955 3591 996 3646 sq.

221 3671 243 3740 8)
262 3670 360 3725 consul
378 3669 393 3724 I
410 3668 463 3723 fnit
482 3685 506 3723 a.
527 3670 570 3723 33.
884 3679 885 3682 ’

221 3759 245 3830 ⁴)
264 3757 298 3817 cf.
317 3756 446 3812 Haachh:
469 3755 566 3826 Pauly.
585 3753 642 3809 RE.
661 3752 698 3823 Il,
720 3769 747 3822 p.
769 3753 845 3807 1218.
866 3751 893 3807 J.
912 3750 945 3810 G.
964 3750 1089 3806 Vossius:
1117 3749 1151 3804 de
1170 3749 1267 3804 histor.

150 3845 198 3902 lat.
216 3846 240 3917 I,
259 3862 282 3901 c.
301 3845 344 3900 25.
380 3842 603 3900 Erech-Gruber:
622 3839 735 3912 Eucycl.
753 3840 808 3896 vol.
828 3842 861 3894 19
881 3841 932 3917 art.
951 3837 1098 3895 Domitius.
1135 3835 1162 3892 J.
1182 3835 1267 3892 Held:

150 3934 185 3989 de
205 3933 254 3990 Gn.
274 3933 355 3988 Dom.
375 3931 456 3988 Gorb.
484 3930 592 4000 (Progr.
612 3929 746 3986 Snidnicii
766 3931 854 3998 1862).
892 3925 1092 3995 Wolffgramm:
1117 3923 1167 3980 Gn.
1185 3923 1267 3980 Dona

152 4021 273 4078 Corbulo
294 4020 402 4090 (Progr.
421 4019 558 4074 Prenzlau
577 4019 666 4087 1874).
703 4016 828 4073 Hannon:
849 4019 901 4071 act.
920 4013 954 4071 ir.
972 4015 1040 4070 Arv.
1058 4030 1086 4084 p.
1108 4013 1166 4068 185.
