2984 4852
663 403 885 468 ..63-

217 633 280 674 cum
300 615 421 674 militem
442 617 595 672 traxerunt
614 614 653 672 ad
672 613 848 686 Vespasiani
870 618 970 686 partes
989 613 1097 684 legatis
1116 613 1190 672 nihil
1210 613 1331 672 turban-

216 713 294 771 tibus
321 711 406 787 (Tac.
420 712 487 768 hist.
508 711 549 780 H,
571 712 618 768 86.
650 711 686 780 V,
708 711 770 784 26).
811 710 924 768 Natura
949 725 983 768 ec
1009 714 1125 768 senecta
1151 712 1332 769 cunctantior

216 809 392 882 suspiciones
412 797 537 865 militum
556 806 696 865 inritabat
715 812 749 864 ut
769 807 937 865 coniunctus
958 804 1102 864 affinitate
1123 824 1187 864 cum
1201 808 1341 866 vitellio.

218 905 378 978 Coeptsnte
402 905 549 976 legionum
569 909 649 962 motu
669 903 808 975 profugos
828 903 982 961 Pannonia
1003 903 1138 974 decessit,
1165 904 1216 961 sed
1236 922 1333 964 rerum

216 1019 358 1061 novarum
380 1001 513 1074 cupidine
534 1016 636 1058 nomen
656 999 749 1072 legati
762 1016 908 1058 resumere
923 1005 954 1057 ct
966 1001 1084 1058 misceri
1098 1001 1232 1058 civilibus
1246 1003 1334 1060 armis

219 1100 357 1172 impulsus
389 1103 433 1156 est
458 1097 597 1155 suadente
618 1096 753 1155 Cornelio
775 1097 869 1155 Fusco
885 1101 1096 1169 -procuratore,
1124 1103 1157 1154 ut
1181 1095 1333 1156 consulare

219 1212 322 1254 nomen
343 1196 525 1267 surgentibus
546 1194 679 1266 partibus
703 1196 841 1263 „honesta
862 1195 956 1266 specie
976 1195 1232 1266 praetenderetur“
1249 1194 1333 1270 (Tac.

218 1293 284 1352 hist.
299 1293 355 1365 HI,
371 1292 415 1368 4).
457 1291 515 1350 Sed
535 1292 594 1349 iam
614 1291 727 1364 pridem
747 1292 924 1364 propinquus
937 1291 1053 1350 Vitellii
1072 1293 1212 1350 militibus
1224 1292 1335 1350 invisus

217 1390 266 1448 rix
286 1391 361 1448 iram
382 1405 480 1447 eorum
501 1405 577 1446 vana
596 1389 750 1446 formidine
771 1394 902 1447 exortam
923 1389 1034 1461 cffugit.
1075 1389 1170 1449 Nocte
1194 1389 1334 1462 profugus

219 1485 379 1545 discrimini
404 1490 552 1558 exemptus
579 1490 625 1543 est
650 1486 732 1560 (Tac.
754 1486 821 1544 bist.
844 1486 898 1552 ΙΙΙ,
924 1486 984 1561 10).
1026 1486 1116 1544 Hand
1140 1487 1225 1545 dubie
1245 1504 1273 1546 a.
1296 1487 1333 1544 69

153 1607 156 1614 ’
218 1601 268 1642 666
289 1600 337 1640 res
358 1581 457 1653 gessit,
479 1585 600 1653 propter
620 1598 690 1654 quas
711 1587 879 1640 ornamenta
898 1583 1086 1655 triumphalia
1104 1587 1220 1642 senatus
1234 1585 1335 1642 decre·

218 1682 270 1738 rit.
312 1679 443 1750 Namque
464 1680 515 1736 sub
541 1677 723 1750 Vespasiano
749 1679 936 1751 triumphalia
962 1681 1114 1751 Tampium
1138 1681 1277 1738 meruisse
1304 1685 1335 1738 et

220 1795 255 1836 ex
276 1776 363 1834 titulo
384 1780 414 1833 et
432 1775 499 1833 inde
520 1779 611 1847 patet,
633 1775 717 1846 quod,
740 1776 766 1832 si
786 1779 871 1832 antea
891 1776 944 1833 snb
965 1775 1078 1834 Othone
1098 1778 1145 1835 vel
1164 1778 1262 1849 potius
1282 1779 1335 1835 sub

221 1873 344 1932 Vitellio
365 1871 524 1942 propinquo
546 1887 597 1928 suo
618 1871 784 1944 accepisset,
807 1871 926 1929 Tacitus
947 1873 1022 1930 hunc
1042 1873 1179 1931 bonorem
1193 1875 1243 1933 vix
1264 1874 1334 1931 omi-

221 1970 314 2040 sisset,
338 1986 402 2026 cum
422 1969 593 2040 praesertim
615 1969 746 2042 divitias,
768 1972 953 2037 senectutem,
976 1971 1127 2028 consulare
1149 1973 1336 2030 nomenoius

219 2070 360 2124 memoret
380 2083 437 2123 non
458 2067 519 2124 sine
541 2079 635 2124 causa.

300 2161 486 2222 Consulatum
508 2163 536 2220 II
557 2163 646 2235 gessit
665 2179 723 2220 una
744 2180 809 2221 cum
828 2163 868 2221 M.
884 2164 1020 2237 Pompeio
1036 2163 1153 2223 Silvano
1175 2165 1290 2224 consule
1303 2166 1338 2224 Π

220 2260 340 2335 (Bullet.
364 2261 440 2318 arch.
467 2261 544 2318 1869
566 2277 593 2332 p.
617 2259 705 2335 217),
732 2261 751 2318 i.
779 2278 805 2321 e.
832 2265 898 2318 ante
923 2277 1028 2318 annum
1051 2263 1088 2320 79
1110 2261 1154 2337 (O.
1176 2262 1202 2323 I.
1222 2263 1259 2323 L.
1281 2263 1335 2330 IV,

221 2356 313 2432 9566)
335 2362 444 2429 etpost
458 2373 564 2414 annum
578 2358 625 2414 74.
647 2356 777 2430 Quocum
797 2359 905 2430 optime
927 2360 1069 2431 convenit,
1092 2359 1166 2430 qnod
1180 2359 1337 2418 Flavianus

221 2455 374 2529 proconsul
393 2452 517 2514 Africae
538 2455 684 2512 invenitur
705 2455 781 2528 apud
800 2455 927 2514 Plinium
948 2455 988 2530 (n.
1011 2457 1041 2515 h.
1061 2456 1117 2529 IX,
1134 2458 1161 2524 8,
1177 2457 1237 2531 96).
1281 2457 1336 2528 Qui

223 2568 288 2610 cnm
319 2569 346 2610 a.
380 2551 416 2609 79
448 2550 511 2608 vita
542 2550 698 2608 decesserit
729 2551 815 2627 (Plin.
849 2569 892 2625 ep.
915 2554 964 2625 VI,
994 2554 1040 2623 16,
1063 2554 1110 2612 20.
1154 2554 1270 2613 Sueten.
1301 2555 1338 2613 ed

221 2649 394 2708 Reiffersch.
415 2666 443 2721 p.
467 2649 505 2706 92
520 2648 576 2722 sq.)
596 2649 754 2708 Flavianus
775 2655 843 2707 ante
865 2666 968 2708 annum
992 2652 1029 2708 79
1051 2652 1206 2723 proconsul
1219 2651 1338 2710 Africae

220 2745 312 2806 fuerit
332 2761 448 2804 necesse
469 2750 520 2803 est.
563 2746 765 2820 Triumphalia
791 2749 948 2805 consuleris
973 2749 1087 2819 accepit
1107 2765 1198 2820 neque
1219 2755 1339 2807 auctore

221 2843 403 2917 Vespasiano
418 2842 561 2918 decreta¹)
575 2849 651 2904 sunt.
683 2845 762 2903 Idem
776 2847 838 2904 sine
852 2845 937 2903 dubio
951 2845 1014 2920 L.²)
1029 2846 1167 2918 Tampius
1180 2845 1340 2905 Flavianus

224 2941 370 2998 inlocum
391 2941 502 2999 Galbae
522 2941 568 3000 IV
588 2942 625 3000 K.
647 2941 732 3000 Mart.
755 2959 782 3002 a.
806 2943 842 3001 69
867 2943 961 3000 irater
980 2940 1102 3000 Arvalis
1124 2947 1274 3016 cooptatus
1295 2949 1340 3001 est

223 3039 357 3113 (Henzen
384 3043 439 3096 act.
462 3037 496 3097 fr.
518 3037 593 3099 Aru.
614 3056 643 3111 p.
665 3040 761 3110 XLH,
786 3040 869 3115 199).
911 3040 959 3099 Ab
981 3041 1081 3099 eodem
1101 3056 1206 3100 nomen
1226 3041 1340 3113 accepit

223 3136 271 3193 ala
291 3136 306 3193 I
326 3135 540 3193 Pannoniorum
561 3133 756 3211 Tampiana.³)

275 3303 278 3308 Ι
304 3231 321 3307 8
343 3233 370 3290 3.
413 3231 461 3289 Τ1.
480 3232 662 3290 Plautium
676 3233 857 3292 Silvanum
870 3231 1085 3310 Aeliannm⁴)
1106 3235 1137 3293 in
1157 3236 1341 3307 praefectura

223 3329 304 3392 urbis
325 3328 502 3388 ornamentis
523 3330 747 3402 triumphalibus
767 3332 939 3389 honoratum
957 3349 1019 3392 esse
1034 3337 1152 3390 auctore
1165 3333 1340 3406 imperatore

223 3428 405 3501 Vespasiano
437 3427 521 3485 testis
552 3433 598 3485 est
627 3428 730 3487 titulus
758 3428 806 3500 qui
832 3434 929 3488 exstat
953 3429 984 3487 16
1005 3431 1184 3489 Plautiornm
1209 3429 1340 3503 sepulcro

224 3525 348 3583 intera.
371 3526 410 3582 74
431 3529 462 3582 et
483 3526 521 3583 79
542 3525 667 3597 positus:

258 3651 260 3658 ¹
297 3674 318 3742 ¹)
336 3671 400 3728 vide
419 3688 504 3742 supra
522 3675 594 3743 part.
612 3671 635 3742 l,
654 3688 676 3728 c.
699 3673 728 3731 V.

296 3762 318 3830 ²)
337 3776 509 3830 praenomen
528 3761 638 3830 Tempii
655 3777 712 3816 non
730 3763 822 3817 exstat
840 3762 894 3816 nisi
912 3763 943 3817 in
961 3762 1030 3818 actis
1049 3761 1082 3820 ir.
1101 3763 1168 3823 Arv.

296 3847 318 3916 ⁸)

339 3847 369 3904 G.
388 3848 410 3905 I.
429 3847 460 3905 L.
479 3848 530 3921 Ill,
551 3851 628 3909 5531.
648 3851 727 3908 5632.
745 3869 772 3922 p.
792 3854 853 3922 864,
871 3850 943 3909 XXI.
963 3851 997 3911 cf.
1017 3868 1080 3908 666
1099 3852 1163 3907 inst.
1178 3851 1253 3907 arch.
1273 3852 1341 3907 1855

225 3952 252 4006 p·
272 3938 319 4094 25)
339 4024 417 4079 cuius
437 4023 471 4080 de
489 4025 547 4079 vita
565 4024 599 4081 of.
612 4025 738 4082 Henzen:
757 4043 821 4082 666.
839 4017 904 4084 inst
918 4028 992 4088 arob.
1014 4029 1082 4085 1859
1101 4044 1129 4097 p.
1143 4028 1159 4083 5
1173 4044 1233 4099 sqq.
1252 4027 1342 4085 wilm.
1391 3993 1393 3998 Ι

227 4113 346 4182 exempl.
365 4129 410 4172 no.
431 4114 507 4171 1145.
543 4114 729 4184 Waddington
746 4115 832 4172 fustes
851 4115 874 4188 l,
892 4133 919 4187 p.
942 4119 1000 4176 130.
