2984 4852
608 415 827 478 ..69-

220 623 312 682 Orelli
334 622 536 682 750=wiun
558 611 715 684 Exsilio.
755 624 849 682 Ponte
868 624 988 683 Lucano
1010 625 1112 700 (prope
1126 625 1229 699 Tibur)

231 709 277 773 TI.
290 715 451 773 PLAVTIO
472 759 479 772 .
497 717 533 772 M.
546 717 578 772 F.
590 718 645 773 An.
670 718 674 786 Ι
700 717 859 774 SILVANO
874 764 880 777 .
894 719 1060 776 AELIANO
1086 726 1091 768 Ι
1115 717 1252 776 PONTIF
1268 763 1275 777 .

160 805 405 864 SODAL.AVO
433 809 437 874 Ι
465 804 1277 875 IIIVIR.A.A.A.F.F.Q.TI.CAESARIS

174 899 179 962 Ι
204 894 327 951 LEGAT
347 936 353 951 .
373 892 471 950 LEO.
496 892 599 949 V.IN
612 892 810 949 OERMANIA
835 894 839 966 Ι
864 894 1273 954 PR.VRB.LEOAT.ET.

160 982 288 1040 COMITI
312 1027 319 1041 .
343 981 465 1037 CLAVD
494 982 498 1050 Ι
528 980 707 1038 CAESARIS
727 982 793 1038 ,ΙΝ
816 981 1028 1039 BRITANNIA
1046 1027 1053 1040 .
1073 982 1232 1041 CONSVLI
1259 989 1263 1052 Ι

159 1072 301 1129 PROCOS
321 1115 327 1128 .
346 1072 458 1129 ASIAE
478 1114 485 1127 .
504 1071 627 1128 LEGAT
647 1114 653 1129 .
673 1071 868 1129 PROPRAET
886 1115 893 1129 .
911 1072 1073 1130 MOESIAE
1099 1079 1103 1142 !
1128 1073 1167 1128 IN
1182 1072 1276 1140 QVA.

159 1160 307 1216 PLVRA.
327 1159 456 1227 QVAM.
481 1158 633 1216 CENTVM
656 1201 662 1216 .
686 1159 775 1214 MILL
810 1164 814 1227 Ι
848 1161 896 1216 EX
923 1160 1077 1217 NVMERO
1107 1204 1114 1218 .
1144 1160 1278 1217 TRANS-

159 1247 408 1304 DANVVIANOR
432 1249 436 1315 Ι
461 1247 512 1302 AD
532 1247 782 1304 PRAESTANDA
796 1291 802 1304 .
817 1248 977 1305 TRIBVTA
989 1292 996 1307 .
1010 1247 1085 1305 CVM
1099 1249 1276 1306 OONIVGIB

175 1340 179 1401 Ι
207 1336 256 1392 AC
277 1335 446 1393 ‚L1BERIS
466 1379 472 1391 .
491 1335 538 1391 ET
559 1378 565 1392 .
585 1334 773 1392 PRINCIPIB
793 1379 799 1392 .
819 1336 893 1392 AVT
913 1380 921 1393 .
940 1336 1096 1394 REGIBVS
1117 1381 1124 1394 .
1144 1337 1222 1394 SVIS
1256 1337 1261 1408 Ι

162 1423 550 1484 TRANSDVXITMOTVM
561 1468 567 1479 .
578 1421 769 1480 ORIENTEM
780 1467 786 1480 .
797 1421 1000 1481 SARMATAR
1015 1428 1020 1494 Ι
1037 1424 1278 1481 COMPRESSIT.

161 1512 323 1580 QVAMVIS
337 1556 343 1568 .
356 1512 479 1568 PARTE
493 1505 645 1568 MAGNA
655 1556 661 1568 .
671 1509 875 1569 EXERCITVS
893 1557 901 1572 .
915 1513 967 1569 AD
977 1511 1276 1569 EXPEDITIONEM.

161 1601 200 1656 IN
210 1600 411 1657 ARMENIAM
424 1643 430 1656 .
443 1599 609 1657 MISISSET
629 1604 633 1666 Ι
654 1599 817 1656 IGNOTOS
830 1600 930 1656 ANTE
945 1600 1039 1656 ‚AVT
1053 1644 1060 1658 .
1074 1599 1256 1657 INNENSOS
1270 1644 1276 1657 .

159 1689 181 1745 P
195 1736 201 1749 .
215 1689 384 1746 R.REGES
403 1731 410 1745 .
430 1687 544 1745 SIGNA
569 1691 574 1757 Ι
599 1687 760 1744 ROMANA
779 1731 785 1744 .
804 1688 1054 1745 ADORATVROS
1068 1734 1075 1747 .
1088 1688 1128 1745 IN
1140 1688 1276 1747 RIPAM.

160 1778 263 1845 QVAM
277 1822 283 1833 .
297 1777 494 1834 TVEBATVR
518 1779 523 1846 Ι
547 1777 731 1833 PERDVXIT
746 1777 923 1835 ‚REGIBVS
947 1781 952 1845 Ι
976 1777 1275 1834 BASTARNARVM.

159 1865 206 1921 ET
241 1865 245 1938 Ι
278 1864 586 1922 RHOXOLANORVM
610 1908 617 1921 .
639 1864 761 1922 FILIOS
785 1911 792 1925 .
814 1866 994 1922 DACORVM
1018 1909 1024 1922 .
1046 1866 1224 1922 FRATRVM
1257 1869 1261 1934 Ι

160 1952 302 2010 CAPTOS
330 1996 338 2010 .
366 1953 441 2009 AVT
471 1996 478 2009 .
506 1952 685 2010 HOSTIBVS
713 2000 720 2014 .
748 1954 914 2011 EREPTOS
943 1997 949 2010 .
977 1954 1126 2011 REMISIT
1147 1997 1154 2010 .
1173 1955 1223 2010 AB
1257 1959 1261 2020 Ι

160 2042 308 2110 ALIQVIS
328 2085 334 2098 .
354 2040 481 2097 EORVM
500 2041 652 2098 OPSIDES
671 2083 678 2097 .
697 2041 855 2098 ACCEPIT
871 2042 961 2099 .PER
974 2042 1074 2110 QVEM
1087 2085 1094 2099 .
1108 2041 1232 2097 PACEM
1256 2044 1261 2111 Ι

160 2129 388 2186 PROVINCIAE
403 2173 409 2186 .
422 2129 469 2185 ET
483 2172 489 2187 .
504 2128 761 2198 CONNIRMAVIT
775 2173 782 2186 .
795 2130 862 2185 ET.
881 2130 1064 2186 PROTVLIT
1089 2134 1094 2198 Ι
1119 2129 1277 2187 SCYTHA·

159 2218 237 2274 RVM
250 2261 256 2274 .
270 2217 417 2286 QVOQVE
431 2261 437 2274 .
452 2216 578 2273 REGEM
591 2260 597 2273 .
611 2215 876 2274 ACHERONENSI
895 2222 900 2287 Ι
921 2218 1019 2286 QVAE
1034 2260 1041 2274 .
1053 2218 1121 2275 EST
1135 2218 1276 2274 VLTRA.

159 2305 433 2363 BORVSTHENEM
452 2348 458 2363 .
479 2304 677 2362 OPSIDIONE
706 2304 880 2362 SVMMOTO
909 2309 914 2376 Ι
941 2305 1102 2363 PRIMVS.
1124 2305 1173 2362 EX
1199 2306 1276 2362 EA.

158 2394 363 2451 PROVINCIA
382 2438 388 2450 .
407 2393 540 2451 MAGNO
560 2437 566 2451 .
587 2393 725 2450 TRITIOI
745 2439 751 2452 .
769 2394 874 2452 MODO
899 2397 905 2464 Ι
928 2394 1118 2451 ΑΝΝΟΝΑΜ
1137 2439 1143 2452 .
1162 2395 1184 2449 P
1204 2439 1211 2452 .
1230 2396 1273 2454 R.

159 2483 211 2540 AD
231 2530 238 2543 .
257 2482 418 2539 LEVAVIT
438 2527 445 2539 .
464 2482 564 2538 HVNC
586 2526 591 2538 .
611 2483 788 2540 LEOATVM
802 2526 807 2539 .
821 2483 862 2539 IN
887 2487 891 2552 Ι
915 2483 956 2540 ΙΝ
971 2485 1032 2554 (sic)
1046 2484 1275 2541 HISPANIAM.

159 2572 211 2627 AD
230 2570 474 2627 PRAEFECTVR
493 2613 499 2628 .
518 2571 625 2628 VRBIS
645 2615 651 2627 .
670 2572 857 2629 REMISSVM
881 2574 886 2640 Ι
912 2572 1078 2629 SENATVS
1091 2616 1098 2629 .
1111 2572 1152 2628 IN
1165 2573 1275 2628 PRAE-

160 2660 333 2717 FECTVRA
361 2659 659 2717 TRIVMPHALIBVS
693 2665 698 2727 Ι
732 2660 974 2718 ORNAMENTIS
997 2705 1003 2718 .
1027 2660 1246 2718 HONORAVIT
1272 2704 1279 2717 .

158 2748 332 2806 AVCTORE
347 2791 353 2804 .
366 2748 430 2803 IMP
444 2789 451 2804 .
472 2750 476 2813 Ι
493 2747 661 2804 CAESARE
673 2747 845 2805 AVGVSTO
858 2747 1091 2805 VESPASIANO
1106 2792 1112 2807 .
1126 2749 1257 2806 VERBIS
1271 2792 1279 2806 .

363 2836 413 2891 EX
437 2839 442 2904 Ι
467 2834 1027 2903 ORATIONE.EIVS.Q.1.s.s
1053 2839 1058 2904 Ι

159 2924 321 2983 MOESIAE
340 2965 348 2981 .
367 2924 432 2979 ITA
451 2965 458 2980 .
476 2923 660 2979 PRAEFVIT
680 2966 686 2979 .
705 2922 753 2978 VT
774 2965 780 2978 .
799 2922 879 2979 NON
899 2966 905 2979 .
924 2923 1109 2979 DEBVERIT
1124 2967 1130 2979 .
1148 2924 1189 2979 IN
1205 2925 1210 2991 Ι
1225 2924 1277 2980 ME

159 3012 336 3068 DIFFERRI
346 3056 353 3069 .
363 3011 494 3069 MONOR
504 3054 510 3067 .
522 3010 805 3067 TRIVMPHALIVM
815 3054 821 3065 .
831 3010 914 3068 EIVS
931 3015 935 3078 Ι
952 3011 1277 3068 ORNAMENTORVM.

160 3100 237 3158 NISI
265 3101 393 3169 QVOD.
416 3098 556 3156 LATIOR
580 3143 586 3155 .
613 3100 651 3155 EI
680 3099 684 3172 Ι
710 3099 887 3160 CONTIGIT
912 3142 918 3155 .
945 3098 1051 3156 MORA
1069 3142 1075 3155 .
1096 3099 1250 3157 TITVLVS

509 3187 727 3244 PRAEFECTO
750 3231 756 3243 .
776 3187 883 3244 VRBIS
910 3190 914 3255 Ι

160 3277 261 3334 HVNC
281 3321 287 3333 .
306 3277 347 3333 IN
367 3277 495 3333 EADEM
515 3320 521 3333 .
540 3275 811 3332 PRAEFECTVRA
830 3318 836 3331 .
855 3275 963 3332 VRBIS
976 3318 983 3332 .
996 3275 1060 3331 IMP
1075 3319 1081 3332 .
1096 3275 1242 3332 CAESAR
1258 3281 1262 3344 Ι

181 3385 183 3390 ·
291 3365 368 3422 AVO
389 3409 395 3422 .
414 3365 666 3423 VESPASIANVS
687 3409 693 3422 .
711 3363 851 3421 ITERVM
870 3407 876 3420 .
897 3362 964 3420 OOS
984 3406 990 3420 .
1010 3364 1118 3420 FECIT
1139 3408 1145 3421 .

193 3549 196 3556 ·
239 3510 429 3569 Praefectura
454 3511 535 3568 urbis
561 3510 628 3567 inde
654 3509 690 3567 ab
716 3526 790 3568 anno
813 3512 850 3568 73
872 3508 987 3567 functus
1008 3514 1053 3566 est
1073 3514 1104 3566 et
1124 3509 1224 3567 consul
1244 3509 1277 3568 II

161 3607 296 3666 suffectus
316 3608 460 3666 inlocum
480 3607 654 3679 Vespasiani
680 3607 716 3664 ab
742 3607 853 3665 ineunti
873 3622 970 3664 manse
989 3605 1013 3664 J
1014 3606 1135 3664 anuarIo
1155 3606 1193 3663 ad
1214 3607 1278 3664 Ka·

160 3705 262 3763 laudas
275 3705 370 3764 Maias
391 3723 417 3764 a.
435 3707 472 3764 74
493 3704 558 3763 mit.
600 3704 712 3776 Itaque,
734 3705 760 3761 si
779 3703 848 3774 quid
867 3704 946 3762 valet
966 3703 1036 3761 ordo
1058 3704 1206 3773 honorum,
1227 3705 1278 3774 qui

160 3807 205 3860 est
228 3802 259 3858 iu
284 3801 482 3873 inscriptione,
514 3805 593 3859 certe
617 3817 675 3859 non
699 3805 765 3873 post
788 3817 913 3859 mensem
937 3798 1074 3873 Aprilem
1097 3817 1125 3861 a.
1147 3801 1194 3870 74,
1225 3800 1277 3858 sed

161 3914 271 3956 summa
302 3915 366 3956 cum
396 3898 530 3956 veritatis
560 3898 656 3969 specie
679 3898 842 3970 putaverim
867 3914 894 3957 a.
927 3898 964 3955 73
994 3897 1182 3970 triumphalia
1212 3913 1277 3954 eum

160 3996 297 4069 adeptum
338 4011 401 4054 esse
435 4000 555 4069 propter
584 3994 798 4067 praefecturam
827 3995 906 4054 urbis
936 3996 1009 4052 bene
1045 3995 1276 4053 administratam

160 4092 354 4165 virtutemque
374 4092 531 4150 militarem
557 4092 616 4150 Iam
637 4094 689 4151 sub
709 4092 932 4165 imperatoribus
952 4087 1190 4150 antecedentibus
1210 4098 1278 4163 pro'·
