2984 4852
604 401 822 463 ,ργ-

156 611 280 690 Δρούσου
311 614 358 670 τοῦ
391 611 508 689 ἀδελφοῦ
539 611 621 671 αὐτοῦ
648 613 693 671 καὶ
723 611 887 688 τεθνηκότος
918 608 1066 688 ἐπεγράφη.
1103 607 1219 687 Μάρκου
1241 609 1270 666 δὲ

157 709 280 786 Αἰμιλίου
302 710 371 785 μετὰ
392 709 533 768 Στατιλίου
547 708 656 788 Ταύρου
677 708 876 772 ὑπατεύσαντος
889 705 1010 785 Τιβέριος
1031 706 1080 781 μὲν
1102 706 1147 764 καὶ
1161 704 1272 782 Γερμα-

156 808 228 871 νικὸς
249 807 306 866 ἀντὶ
326 807 429 866 ὑπάτου
450 806 543 888 ἅρχων
565 810 592 872 ἔς
605 831 647 874 Ιτε
667 808 715 885 τὴν
737 805 873 882 Κελτικὴν
895 805 1030 883 ἐσέβαλον.
1072 806 1161 876 Quem
1181 803 1218 861 ad
1231 803 1271 860 lo·

157 921 220 962 oum
247 906 368 964 adnotat
387 906 582 965 Immannelus
601 906 729 976 Bekker,
753 905 857 964 Dionis
879 903 1116 975 diligentissimus
1137 901 1271 975 editor¹);

156 1001 206 1059 nbi
225 1008 332 1074 puncta
352 1003 417 1074 sint,
448 1003 549 1062 folium
571 1003 698 1061 excisum
719 1020 792 1070 esse,
825 1003 929 1060 ceteris
948 1000 1045 1059 libris:
1080 999 1138 1074 „aqi
1159 997 1188 1055 δὲ
1209 995 1271 1074 ἑξῆς
1337 1000 1340 1006 ’

157 1100 210 1156 ἔτει
230 1097 260 1157 τ6
281 1121 311 1158 τε
333 1099 490 1175 ὁμονόειον“
518 1101 618 1158 statim
642 1106 708 1173 post
732 1099 794 1158 τότε
821 1098 918 1175 συνέβη
939 1097 1081 1170 praeberi.
1122 1095 1272 1153 Lacunam

157 1201 253 1254 autem
281 1198 377 1254 verbis
410 1198 459 1272 ‘aqi
489 1196 519 1254 δὲ
551 1194 615 1272 ἑξῆς
643 1195 706 1254 ’ἕπε’
738 1197 883 1268 expletam
913 1212 976 1253 esse
1006 1195 1078 1251 nihil
1107 1191 1271 1251 valentibus

157 1294 308 1365 praeteriit
328 1293 525 1363 Brandesium,
552 1294 632 1351 onius
653 1293 865 1365 argumentatio
891 1307 955 1348 cnm
975 1291 1071 1348 verbis
1091 1289 1272 1362 interpolatis

157 1393 221 1446 tota
241 1389 303 1446 fere
324 1388 444 1455 nitatur,
465 1386 649 1446 fundamento
663 1394 751 1447 caret.
787 1387 896 1445 Contra
911 1405 947 1445 ex
966 1388 1030 1444 loeo
1051 1389 1158 1451 nostro,
1181 1386 1273 1457 qualis

159 1489 203 1541 est
223 1484 253 1540 in
274 1483 381 1554 optimo
396 1482 501 1550 codiee,
523 1484 595 1541 haec
610 1483 680 1542 licet
695 1483 844 1556 colligere:
867 1499 939 1554 quae
960 1484 1158 1540 contineantur
1177 1483 1273 1541 verbis

162 1582 219 1656 „rqi
240 1579 269 1638 δὲ
290 1579 426 1656 δευτέρῳ“
449 1580 584 1638 videlicet
604 1582 666 1650 ἔτει,
688 1581 795 1653 opponi
809 1582 869 1639 sine
884 1579 970 1637 dnbio
985 1581 1070 1636 rebus
1084 1579 1180 1651 priore
1201 1594 1273 1636 anno

158 1677 253 1749 gestis,
276 1679 325 1749 qui
345 1679 426 1750 prior
445 1695 536 1736 annus
556 1680 631 1738 alius
652 1696 785 1738 essenon
800 1682 897 1751 potest
917 1679 973 1736 nisi
995 1679 1022 1749 9,
1045 1676 1178 1748 quoniam
1192 1674 1274 1734 fastis

73 1797 75 1802 ¹
158 1773 379 1850 Praenestinis²)
409 1774 455 1851 (Ο.
476 1776 500 1834 Ι.
523 1776 556 1834 L.
578 1776 602 1848 I,
629 1793 655 1849 p.
680 1777 753 1852 312)
784 1775 963 1834 Concordiae
994 1775 1143 1845 Augustae
1174 1773 1275 1831 aedem
1380 1795 1383 1802 ¹

158 1874 263 1932 mensis
283 1872 418 1931 Jannarii
439 1874 486 1932 die
507 1874 617 1932 decimo
638 1877 721 1932 sexto
742 1873 777 1933 P.
794 1873 946 1931 Dolabella
960 1871 992 1931 0.
1007 1870 1106 1929 Silano
1128 1885 1185 1929 cos.
1207 1871 1227 1929 l.
1248 1888 1273 1927 e.

159 1987 233 2028 anno
258 1973 294 2030 10
315 1988 342 2044 p.
366 1971 434 2031 (ihr.
465 1976 531 2043 post
555 1972 679 2043 primam
700 1971 812 2029 Tiberii
842 1970 1056 2042 expeditionem
1077 1967 1275 2025 Germanicam

160 2066 323 2125 dedicatam
344 2084 406 2126 esse
427 2068 561 2126 docemur
582 2068 682 2126 eodem
703 2068 757 2140 die,
780 2084 835 2138 quo
857 2067 897 2150 (a.
919 2067 957 2124 27
973 2061 999 2124 a.
1015 2065 1096 2139 (ihr.)
1117 2063 1276 2135 imperator

161 2164 269 2222 Caesar
294 2169 371 2222 esset
396 2165 558 2238 appellatus
582 2163 736 2238 Angustus
757 2171 787 2223 et
808 2164 940 2223 Tiberius
967 2163 1005 2238 (a.
1031 2162 1066 2220 12
1087 2178 1114 2233 p.
1137 2159 1221 2234 (ihr.)
1242 2176 1278 2217 ex

160 2261 305 2319 Pannonis
327 2267 356 2320 et
374 2262 519 2320 Delmatia
539 2263 757 2336 triumphasset.
799 2262 894 2333 Quare
918 2259 952 2318 τὰ
978 2257 1161 2337 προειρημένα
1184 2257 1277 2329 perti-

160 2365 229 2416 nent
249 2359 287 2416 ad
307 2375 411 2416 annum
434 2361 480 2418 10.
522 2360 616 2431 Atque
648 2375 713 2418 cnm
743 2364 811 2418 ante
841 2361 931 2418 verba
957 2356 1027 2432 perd
1046 2356 1095 2432 τὴν
1117 2352 1276 2431 στρατηγίαν

160 2455 261 2513 folium
282 2456 382 2516 deesse
403 2458 535 2529 sciamus,
557 2474 650 2515 norme
664 2457 741 2515 ratio
763 2457 850 2529 cogit.
872 2460 906 2514 ut
927 2461 1086 2514 statuamus
1106 2452 1141 2511 τά
1155 2475 1184 2511 τε
1206 2450 1276 2511 ἄλλα

161 2552 194 2609 τὰ
214 2553 397 2631 προειρημένα
419 2554 517 2613 eodem
539 2555 570 2612 in
590 2552 660 2612 folio
681 2558 816 2613 enarrata
829 2553 990 2623 ibidemque
1006 2552 1135 2610 eonsules
1156 2551 1224 2609 anni
1241 2551 1277 2607 lc

234 2756 252 2820 ¹)
272 2755 314 2810 ed.
333 2754 409 2824 Lips.
430 2757 506 2812 1849.

232 2844 254 2912 ²)
272 2843 357 2898 Falso
376 2843 524 2899 Suetonius
544 2843 617 2914 (Tib.
636 2845 681 2911 20)
702 2842 872 2898 Concordiae
890 2841 988 2898 aedem
1012 2857 1085 2896 anno
1108 2840 1209 2912 dieque
1230 2840 1279 2894 tri-

162 2930 259 3000 umphi
278 2931 381 2986 Tiberii
399 2932 554 2996 dedicatam
572 2931 641 2986 dicit
659 2947 692 2985 eo
716 2931 847 2985 nimirum
871 2931 1034 2996 commotus,
1053 2929 1201 2998 quodiam
1220 2943 1244 2982 a.
1264 2929 1279 2980 9

161 3019 256 3088 paullo
274 3021 339 3089 post
357 3019 465 3074 cladem
480 3021 602 3088 primum
615 3019 756 3074 Tiberium
774 3019 804 3072 in
816 3017 995 3074 Germaniam
1007 3014 1162 3086 proiectum
1174 3015 1280 3084 paullo·

163 3123 216 3177 que
235 3108 300 3176 post
316 3123 460 3162 reversum
472 3108 561 3162 nescit
573 3107 618 3162 vel
630 3106 761 3174 neglegit.
799 3104 878 3161 Idem
891 3104 1041 3160 Suetonius
1062 3103 1133 3170 (Tib.
1147 3104 1192 3171 20)
1210 3104 1280 3157 tem-

162 3194 241 3264 plum
261 3211 372 3265 quoque
391 3194 514 3250 Castoris
533 3197 562 3249 et
579 3193 701 3249 Pollucis
721 3210 738 3248 a
757 3193 868 3248 Tiberio
887 3193 916 3246 in
928 3191 1070 3262 triumpho
1090 3190 1124 3246 de
1142 3190 1280 3245 manubiis

98 3351 99 3354 Ἴ
163 3282 321 3338 dedicatum
339 3282 408 3352 vult,
425 3283 455 3338 id
473 3282 548 3354 quod
566 3283 620 3338 Dio
639 3281 771 3353 (lum)
790 3283 847 3336 iam
865 3282 916 3336 sub
935 3283 1037 3335 annoti
1056 3279 1159 3334 rectius
1178 3280 1281 3334 narrat.

164 3370 197 3430 ci.
217 3370 288 3427 Ouid
305 3370 368 3428 fast.
388 3372 410 3442 Ι,
429 3357 480 3428 645
500 3389 560 3444 sqq.
580 3371 751 3428 Schraderus
771 3371 899 3440 (Jahrbb.
923 3372 988 3425 1876
1002 3386 1029 3440 p.
1044 3368 1108 3440 548)
1127 3368 1151 3422 si
1170 3365 1282 3438 quidem

164 3460 250 3515 sentit
267 3459 375 3515 Velleio
395 3475 505 3530 quoque
525 3461 651 3528 ignotum
670 3474 732 3514 esse
745 3457 888 3513 Tiberium
905 3459 1025 3513 exeunte
1043 3457 1099 3510 iam
1119 3471 1192 3511 anno
1211 3457 1226 3509 9
1246 3455 1281 3511 ad

164 3547 343 3603 Germaniam
360 3547 515 3617 pacandam
528 3563 589 3602 esse
601 3546 767 3617 proiectum,
784 3546 886 3602 iudicio
899 3546 994 3616 lapsus
1006 3545 1078 3599 mihi
1089 3544 1200 3599 videtur
1212 3559 1282 3599 esse.

164 3636 252 3692 Immo
271 3637 363 3691 verbis
384 3635 433 3706 (ΙΙ,
454 3639 504 3692 120
522 3637 608 3704 init.):
638 3635 698 3702 „his
717 3633 818 3689 auditis
837 3627 946 3688 revolat
964 3631 999 3686 ad
1021 3633 1130 3702 patrem
1149 3630 1281 3700 Gaesar“,

165 3725 312 3780 cumulatis
325 3725 519 3796 praesentibus
532 3724 672 3779 historicis
686 3739 757 3794 quae
769 3725 911 3791 vocantur,
925 3722 1025 3792 quibus
1038 3721 1141 3791 optime
1154 3719 1282 3774 celeritas

91 3825 94 3836 ⁴
165 3813 344 3884 significatur,
369 3816 487 3883 apparet
505 3813 574 3868 haec
593 3814 721 3882 spectare
743 3811 778 3867 ad
796 3827 900 3866 annum
918 3813 934 3865 9
953 3810 1143 3880 periculorum
1159 3807 1281 3878 plenum.

165 3902 235 3957 Arte
252 3902 339 3971 igitur
357 3901 500 3970 coniungit
517 3901 641 3956 Velleius
669 3899 745 3954 illius
774 3899 964 3969 expeditiones
989 3898 1068 3952 annis
1088 3899 1104 3951 9
1124 3897 1152 3950 et
1171 3898 1205 3950 10
1223 3910 1283 3950 sus·

166 3993 269 4061 ceptae,
298 3991 343 4045 cui
361 3990 485 4060 opinioni
504 3990 588 4045 edam
612 4004 645 4043 ea
662 3987 766 4058 favent,
794 4003 865 4058 quae
883 3987 923 4042 ibi
941 3987 975 4042 de
997 3985 1113 4056 captivis
1133 3983 1221 4038 affert.
1250 3982 1283 4042 ei.

165 4079 260 4149 Meyer
277 4078 392 4134 Forsch.
410 4096 432 4136 z.
452 4077 478 4133 d.
498 4076 597 4133 Gesch.
619 4079 651 4132 18
670 4093 697 4147 p.
717 4077 866 4134 329-330.
