2984 4852
670 402 890 466 ...62-

218 616 301 673 nom.
324 615 370 672 oa
402 613 468 672 mv.
490 612 529 683 n,
557 614 584 670 a.
616 612 679 684 nu,
702 613 749 670 42.
781 611 860 670 rest.
886 628 913 683 p.
943 612 1009 670 185.
1035 611 1150 682 uana:
1183 629 1207 669 r.
1232 595 1292 669 nu.
1314 612 1338 682 r,

219 730 248 785 p.
272 713 338 769 375.
380 710 565 781 Marquardt:
587 726 610 767 r.
634 707 819 767 Staatsverw.
841 708 891 766 III
911 707 1017 783 (1878)
1043 725 1071 779 p.
1094 708 1275 782 308-309).

299 809 420 884 Titulus,
443 823 526 878 quem
547 805 585 863 ool
598 805 744 863 hominem
758 805 928 863 referendus
942 805 987 876 sit,
1009 821 1116 876 magna
1129 821 1218 877 opera
1232 809 1340 862 navata

219 906 356 978 indagare
376 920 434 963 non
453 898 569 977 potui.¹)

300 1002 316 1077 ξ
341 1002 386 1059 10.
422 1001 613 1058 Innotnerunt
633 1000 724 1071 igitur
750 997 848 1056 decem
873 998 1011 1070 homines,
1044 1004 1078 1056 ut
1103 1015 1243 1056 summam
1264 1014 1340 1056 com-

220 1100 388 1172 plectamur,
421 1099 474 1154 snb
497 1096 617 1155 Claudio
644 1096 866 1168 triumphalibus
886 1095 1034 1160 honorati:
1062 1096 1118 1167 ipsi
1137 1094 1259 1154 Claudio
1285 1097 1339 1152 im·

219 1197 349 1269 peratori
369 1195 404 1255 ob
425 1187 474 1254 res
494 1197 530 1253 ab
551 1195 608 1252 alio
630 1194 701 1251 duce
723 1196 822 1264 gestas
837 1192 955 1250 decreta
974 1195 1040 1249 sunt
1054 1192 1154 1250 eodem
1168 1193 1230 1251 fere
1245 1193 1339 1262 modo,

220 1311 275 1365 quo
302 1293 416 1365 saepius
436 1290 568 1364 Augusto
594 1290 734 1363 triumphi
764 1289 900 1362 (monum.
921 1286 1033 1361 Aneyr.
1055 1290 1078 1356 I,
1101 1291 1228 1349 22-23.
1270 1291 1338 1349 Dio.

219 1391 301 1461 LIII,
324 1365 370 1449 ao.
393 1388 461 1460 LV,
478 1392 504 1447 6.
525 1388 576 1460 Li,
593 1390 641 1448 25.
662 1386 743 1459 LVI,
769 1385 818 1461 17)
840 1386 941 1457 Getae,
962 1385 1142 1459 Vespasiano
1156 1391 1223 1444 ante
1238 1404 1341 1446 consu·

221 1490 321 1554 latum,
355 1486 453 1545 Silano
474 1486 598 1543 nondum
629 1485 740 1557 puberi,
772 1487 884 1556 septem
914 1483 1033 1554 reliquis
1064 1489 1130 1556 post
1160 1485 1341 1542 consulatum

221 1601 312 1656 eaque
334 1582 435 1642 Curtio
449 1582 524 1640 Rufo
546 1583 582 1641 ob
604 1583 747 1640 reclusum
768 1596 882 1653 specus;
905 1579 1010 1639 Orasso
1025 1580 1119 1652 Frugi
1139 1581 1243 1639 iterum
1264 1583 1340 1640 obti-

220 1687 334 1754 gerunt.
364 1680 504 1738 Claudius
518 1681 676 1752 imperator
690 1683 854 1736 senatorum
868 1677 973 1747 studio,
994 1676 1079 1747 Geta,
1101 1677 1224 1737 Orassus
1238 1679 1339 1750 Frugi,

221 1781 424 1853 Vespasianus,
447 1780 571 1846 Silanus,
594 1778 711 1836 Curtius
724 1777 820 1834 Rufus
840 1777 1017 1835 hauddubie
1032 1782 1151 1835 auctore
1164 1778 1340 1849 imperatore

223 1878 308 1936 decus
334 1878 433 1950 adepti
458 1888 532 1945 sunt,
563 1876 689 1934 fortasse
715 1875 804 1932 etiam
825 1873 959 1944 Corbulo,
992 1875 1027 1931 de
1048 1875 1167 1945 reliquis
1192 1879 1341 1932 auctorem

220 1974 425 2046 imperatorem
446 1972 592 2032 exstitisse
613 1977 730 2029 senatus
751 1971 875 2029 consulti
894 1971 1051 2043 scriptores
1077 1972 1149 2028 nibil
1169 1971 1296 2028 tradunt.

674 2166 886 2175 ————-—

668 2358 792 2460 Gaput
817 2351 887 2440 IV.

220 2541 273 2612 De
302 2535 534 2613 ornamentis
562 2539 854 2630 triumphalibus
886 2540 956 2612 sub
985 2539 1132 2611 Nerone
1168 2539 1338 2615 decretis

299 2713 363 2788 §l
399 2713 591 2771 Innotuerunt
619 2717 681 2769 tres
711 2712 909 2770 tantummodo
934 2712 989 2768 viri
1020 2712 1240 2784 triumphalibus
1271 2720 1340 2772 tunc

220 2811 362 2880 honorati,
395 2809 429 2870 de
460 2809 563 2881 quibus
584 2809 704 2868 Tacitus
725 2811 802 2885 (ann.
830 2811 893 2878 XV,
921 2808 973 2883 72)
995 2843 1031 2851 -
1053 2827 1143 2869 annus
1169 2816 1214 2868 est
1240 2812 1285 2869 65·
1301 2845 1330 2854 -

221 2909 308 2965 affort
327 2908 410 2966 haeo:
445 2907 551 2984 (Nero)
574 2908 674 2978 ,quasi
694 2911 779 2978 gesta
799 2907 876 2965 bello
898 2907 1079 2978 expositurus
1100 2913 1187 2965 vocat
1207 2915 1339 2967 senatum

221 3011 252 3062 et
271 3005 445 3076 triumphale
467 3005 553 3062 decus
578 3004 747 3062 Petronio
774 3004 986 3077 Turpiliano
1008 3005 1160 3073 consulari,
1187 3004 1338 3064 Cocceio

220 3101 360 3159 Nervae
386 3101 517 3174 praetori
542 3101 702 3174 designato,
734 3101 917 3172 Tigellino
942 3101 1091 3173 praefecto
1112 3103 1262 3175 praetorii,
1284 3105 1338 3161 tri·

220 3197 289 3268 buit,
317 3198 489 3270 Tigellinum
516 3203 547 3256 et
566 3198 695 3258 Nervam
715 3199 758 3255 ita
782 3199 928 3267 extollens,
960 3201 992 3254 ut
1018 3195 1128 3273 super²)
1149 3199 1339 3272 triumphales

221 3293 252 3351 in
272 3295 336 3352 foro
357 3295 495 3367 imagines
516 3295 592 3366 apud
612 3293 759 3362 Palatium
780 3293 892 3366 effigies
913 3311 1012 3353 corum
1032 3295 1177 3354 sisteret“.

299 3390 384 3463 Quod
409 3390 519 3448 factum
545 3395 590 3448 est
619 3392 717 3464 paullo
747 3396 813 3464 post
836 3391 950 3450 Pisonis
982 3392 1211 3451 coniurationem
1241 3411 1339 3454 mense

221 3487 316 3558 Aprili
347 3486 491 3545 detectam
522 3487 604 3562 (Tac.
637 3504 704 3547 ann.
729 3488 794 3560 XV,
822 3489 869 3545 53.
893 3488 946 3563 74)
979 3492 1009 3545 et
1038 3493 1106 3560 post
1125 3489 1165 3548 Μ.
1185 3489 1339 3549 Vestinum

292 3651 313 3719 ι)
333 3649 367 3709 ef.
385 3650 513 3707 sooner:
541 3651 594 3706 nn.
619 3652 690 3708 uus.
707 3651 761 3707 xn
784 3653 886 3720 posu),
900 3667 927 3722 p.
946 3655 990 3707 47.
1026 3652 1143 3708 uermes
1161 3641 1224 3709 u'vr
1243 3653 1339 3726 (reor)

219 3754 248 3807 p·
267 3739 542 3896 5{}·Friefflaenderi
560 3825 789 3897 (Darstellungen
807 3844 857 3883 aus
876 3828 926 3883 der
938 3827 1122 3898 Sittengesch.
1141 3830 1226 3885 Rome
1245 3830 1339 3901 Leipz.

223 3915 312 3983 188l⁸,
336 3912 387 3984 ΠΙ,
411 3930 438 3984 p.
458 3917 522 3983 229)
550 3915 632 3970 huius
659 3915 714 3970 loci
740 3917 947 3986 interpretatio:
960 3953 962 3958 .
977 3918 1063 3985 „iiber
1090 3918 1145 3972 den
1163 3918 1340 3988 Triumphal-

221 4003 332 4056 statuen
359 4001 409 4056 aui
430 4002 493 4057 dem
510 4001 632 4057 Forum“
651 4002 718 4059 terri
736 4005 783 4058 vix
800 4005 903 4075 potest,
930 4005 1096 4060 vertendum
1115 4008 1169 4062 est:
1198 4011 1339 4076 „ausser“‚

221 4087 254 4144 oi.
274 4088 338 4146 Tac.
357 4106 421 4146 ann.
440 4089 487 4160 IV,
505 4094 541 4145 44
558 4090 619 4146 init.
