2984 4852
671 393 891 456 ..72-

221 606 437 679 inscriptionem
458 603 621 662 Laodiceae
641 602 787 676 Phrygiae
811 604 910 675 paullo
936 607 1003 675 post
1022 602 1235 674 Vespasianum
1262 621 1337 662 mor·

220 708 303 761 tuum
325 707 473 761 exaratam
495 718 521 758 a.
539 703 576 760 79
597 699 642 775 (O.
663 698 758 759 nor.
774 700 851 758 3935
873 699 910 757 ci.
928 700 1028 775 3146).
1071 700 1137 758 Non
1151 705 1218 758 aute
1232 717 1337 759 aunum

223 801 281 858 112
301 800 377 857 inter
397 799 478 857 divos
497 797 607 856 relatus
628 801 681 856 est.
723 795 768 871 (0.
790 797 814 855 Ι.
834 798 871 854 L.
893 796 980 869 VIII,
1004 797 1104 872 8316).

302 896 319 971 p
346 898 372 955 6.
414 895 548 969 Quinque
578 891 680 966 igitur,
712 899 745 951 ut
770 911 908 952 summam
935 893 1167 966 complectamur,
1199 895 1256 952 viri
1286 897 1337 953 sub

221 994 400 1065 Vespasiano
422 991 598 1051 ornamentis
616 991 839 1064 triumphalibus
852 992 987 1049 honorati
1000 991 1196 1062 innotuerunt,
1218 1008 1337 1063 quorum

203 1096 283 1166 ,tres
303 1092 340 1148 ob
361 1107 408 1148 res
428 1090 506 1148 bello
528 1095 647 1147 externo
667 1090 741 1147 bene
755 1092 863 1161 gestas,
886 1094 1005 1160 quartus
1019 1088 1095 1146 bello
1110 1089 1196 1160 civili,
1220 1089 1335 1160 quintus

220 1189 331 1246 virtute
352 1187 430 1245 domi
450 1173 629 1258 militiaeque
651 1188 775 1260 probata
794 1192 968 1244 meruerunt.
1012 1186 1058 1247 Ti.
1079 1186 1196 1245 Plautio
1218 1186 1333 1245 Silvano

219 1288 250 1343 et
271 1284 322 1343 (ln.
347 1285 465 1343 Pinario
496 1290 614 1344 auctore
644 1284 828 1357 imperatore,
860 1284 976 1342 Licinio
1002 1284 1137 1342 Muciano
1163 1288 1194 1341 et
1215 1284 1336 1356 Tampio

220 1382 362 1441 Flaviano
384 1386 502 1440 auctore
522 1381 623 1453 quovis
637 1382 694 1439 alio
709 1387 842 1440 senatore
856 1380 975 1439 decreta
989 1384 1064 1450 sunt,
1087 1380 1123 1438 de
1137 1395 1194 1438 uno
1208 1379 1335 1458 Traiano

220 1496 277 1537 non
297 1479 398 1550 liquet.
439 1479 545 1538 Omnes
565 1479 610 1536 illi
631 1480 796 1537 consulares
815 1467 918 1550 orant,
930 1495 995 1536 cum
1008 1482 1180 1550 ornamenta
1194 1477 1336 1549 adipIsce·

222 1581 332 1635 rentur.

672 1725 884 1736 t—-—-—-u

300 1884 378 1944 Num
398 1884 450 1943 sub
471 1883 539 1942 Tito
564 1883 753 1957 triumphalia
779 1889 949 1943 ornamenta
975 1885 1106 1956 cuiquam
1127 1885 1246 1942 ceneta
1266 1885 1332 1956 sint,

219 1981 372 2052 ignoratur
391 1981 441 2057 (cf.
464 1984 539 2054 part.
561 1981 600 2050 II,
624 1998 647 2040 c.
671 1981 761 2057 qu
803 1981 823 2057 ).

687 2495 774 2600 Gap.
803 2492 874 2577 VI.
931 2471 934 2478 ¹
1027 2543 1029 2548 -

220 2675 274 2748 De
294 2676 526 2750 ornamentis
541 2677 831 2774 triumphalibus
845 2677 916 2750 sub
932 2675 1144 2749 Domitiano
1166 2671 1336 2746 decretis
1455 2741 1458 2745 ,

299 2848 316 2923 ξ
340 2852 364 2906 l.
408 2849 575 2909 Domitiano
596 2855 737 2924 regnante
758 2849 871 2921 quoties
892 2852 1062 2908 ornamenta
1082 2846 1269 2920 triumphalia
1284 2846 1333 2903 ‹ie-
1399 2858 1403 2864 ’

220 2951 302 3004 creta
322 2947 389 3016 sint,
410 2963 550 3018 nusquam
570 2948 724 3013 indicatur,
746 2929 944 3006 aDomitiano
967 2950 1063 3004 autem
1076 2945 1153 3002 hunc
1172 2960 1253 3002 usum
1274 2959 1335 3001 ser·

219 3048 319 3101 vatum
340 3060 403 3103 esse
425 3046 509 3104 docet
529 3062 617 3103 unum
642 3046 717 3117 quod
743 3049 839 3103 exstat
859 3044 1021 3117 exemplum
1035 3041 1092 3102 On.
1113 3042 1136 3100 J
1142 3042 1207 3098 ulii
1227 3040 1336 3112 Agri-

221 3138 364 3216 colae¹)‚
395 3143 441 3200 cui
466 3150 636 3201 ornamenta
655 3143 843 3214 triumphalia
864 3146 893 3200 et
913 3141 1036 3199 illustris
1057 3145 1172 3198 statuae
1193 3140 1333 3197 honorem

223 3242 254 3294 et
268 3239 407 3310 quidquid
418 3256 471 3313 pro
486 3241 631 3313 triumpho
647 3241 773 3310 daretur,
794 3240 884 3297 multo
897 3239 1052 3299 uerborum
1065 3233 1174 3296 honore
1188 3235 1334 3294 cumulata

221 3334 337 3393 decerni
347 3337 378 3393 in
388 3329 490 3410 senatu
500 3338 696 3396 Domitianum
710 3337 826 3396 iussisse
836 3336 958 3395 Tacitus
973 3335 1057 3409 (Agr.
1069 3336 1117 3393 40.
1130 3333 1181 3406 44)
1198 3336 1333 3391 testatur.

220 3431 281 3488 Iam
303 3432 397 3491 oritur
416 3435 557 3506 quaestio,
578 3451 700 3506 quonam
722 3450 795 3492 anno
818 3435 965 3506 acceperit
977 3434 1114 3507 insignia.
1141 3430 1189 3490 Ac
1208 3430 1333 3504 primum
1434 3497 1435 3500 Ἴ

220 3528 335 3598 quidem
355 3530 536 3588 abiciendum
557 3536 613 3603 est,
647 3531 723 3603 quod
743 3531 800 3588 Dio
822 3531 945 3606 (LXVI,
968 3530 1019 3604 20)
1041 3530 1097 3588 hac
1118 3529 1153 3587 dc
1173 3544 1206 3585 re
1226 3525 1335 3616 tradita

223 3623 345 3701 ,iupciqq
372 3625 415 3684 διὰ
440 3629 527 3686 ταῦτα
552 3627 604 3685 ὑπὸ
630 3627 792 3703 Δομιτιανοῦ
814 3626 911 3705 καίπερ
931 3625 979 3690 τὰς
1000 3624 1143 3689 ἐπινικίους
1163 3622 1242 3699 τιμὰς
1262 3620 1337 3698 παρὰ

98 3777 100 3782 .
221 3722 270 3778 τοῦ
284 3719 366 3780 Τίτου
389 3723 507 3800 λαβών.“
537 3724 592 3802 An
603 3741 675 3785 vero
696 3730 830 3798 putamus
851 3733 1020 3795 ornamenta
1033 3723 1220 3795 triumphalia
1233 3738 1252 3779 a
1267 3720 1336 3779 'lito

222 3819 334 3878 tributa
348 3821 552 3893 impedimento
568 3839 630 3881 esse
643 3825 783 3894 potuisse,
804 3840 841 3882 ne
855 3823 1040 3881 Domitianus
1054 3819 1225 3894 Agricolam
1245 3818 1338 3876 inter-

293 4005 314 4074 ¹)
335 4005 369 4061 de
387 4006 447 4060 vita
464 4005 614 4074 Agricolae
631 4005 694 4062 vide
713 4007 827 4077 praeter
845 4004 936 4060 Taciti
953 4003 1057 4060 librum
1075 4001 1338 4059 commentationem

221 4093 367 4150 Urlichsii:
387 4093 422 4150 de
439 4094 497 4149 vita
516 4095 545 4149 et
562 4094 714 4149 honoribus
734 4093 804 4149 Julii
821 4093 970 4163 Agricolae
988 4091 1173 4162 (wirceburgi
1192 4090 1282 4158 1868).
